4226 5500
478 581 1386 698 nn'rossraournanrouoauun.
1552 597 1559 620 ”
1661 639 1706 738 ιι
1790 609 1793 616 ’

162 787 268 864 Ordo
282 786 435 874 accedet
451 813 607 868 necesse
626 810 694 902 est,
721 818 831 892 quem
847 793 941 866 ratic
959 791 1039 866 sola
1057 801 1183 896 potest
1200 773 1352 868 inferre.
1377 791 1575 868 Methodus
1597 791 1707 891 igitur

157 924 198 994 ia
221 923 377 1002 seientia
393 924 449 999 rei
470 895 659 1004 numeriae
677 921 799 1027 aeque
815 926 1023 1014 necessaria
1043 946 1122 1034 est,
1145 953 1192 1002 ae
1207 927 1248 1001 in
1263 927 1395 1037 'quavis
1410 926 1586 1002 historiae
1602 943 1707 1002 natu·

156 1055 245 1132 ralis
272 1075 388 1160 parre.
422 1061 517 1134 Nam
544 1077 586 1134 ut
611 1061 654 1133 in
677 1059 831 1136 historia
857 1060 1015 1137 naturali
1042 1087 1116 1163 ope
1137 1079 1322 1138 certorum
1344 1061 1595 1138 characterum
1620 1088 1653 1133 v.
1671 1085 1707 1159 g.

155 1189 358 1264 dentium
346 1218 385 1266 ιιι
408 1193 672 1284 mammiferis,
702 1195 899 1294 pinnarum
929 1197 969 1269 iu
989 1195 1172 1296 piscibus,
1197 1223 1418 1316 organorum
1445 1194 1679 1269 sexnslinm
1669 1221 1707 1265 ιιι

153 1320 314 1420 plantis,
338 1324 453 1402 facile
481 1327 696 1426 dignoscas,
723 1330 904 1428 adquam
931 1329 1092 1454 speciem
1110 1354 1245 1432 corpus
1269 1311 1421 1429 aliquod
1436 1330 1632 1429 pertineat,
1655 1327 1705 1400 ita

152 1453 194 1526 in
216 1476 365 1534 moneta
381 1485 455 1560 ope
474 1478 658 1538 certmurn
678 1463 944 1554 characterum,
969 1480 1025 1536 atr
1012 1462 1194 1554 metalli
1219 1463 1397 1552 fabricae,
1421 1461 1523 1563 typi,
1548 1461 1637 1562 styli
1667 1477 1707 1534 at

152 1585 419 1690 inscriptionis,
440 1595 551 1670 facila
568 1595 804 1687 determinas,
825 1623 886 1672 cur
874 1597 998 1686 'urhi,
1013 1597 1074 1671 cui
1091 1599 1173 1697 regi
1190 1595 1448 1698 imperatoriae
1467 1591 1706 1697 adjudicandi

151 1721 230 1797 aiut
249 1723 384 1824 singuli
405 1727 614 1803 numilem
634 1729 795 1803 studium
813 1729 944 1804 horum
963 1729 1214 1806 characterum
1236 1729 1350 1829 efficit
1362 1727 1544 1804 theoriam
1565 1717 1703 1802 numis-

151 1857 335 1952 maticurrr,
355 1849 452 1961 quae
465 1863 515 1938 ad
541 1863 801 1963 dijudicandos
825 1883 863 1939 et
878 1866 918 1938 in
937 1865 1078 1938 classes.
1096 1865 1319 1964 redigendos
1339 1888 1471 1938 numos
1491 1887 1570 1936 non
1582 1863 1702 1936 minus

149 1987 362 2068 necessaria
385 2013 454 2086 est,
479 2023 590 2097 quam
613 1999 809 2075 methodus
830 1998 1064 2074 botanicaad
1085 1997 1381 2074 determinandae
1402 1969 1701 2095 ordinandisque

148 2123 311 2224 plautae.
337 2130 480 2232 Quodsi
497 2115 588 2231 ergo
608 2130 1045 2242 celeberrimusLinneus
1071 2155 1209 2207 nornen
1230 2131 1506 2208 Restauratoris
1523 2129 1700 2212 historiae
1821 2204 1825 2212 ,

146 2259 329 2339 naturalis
351 2263 433 2363 jere
458 2265 679 2366 promeritus
699 2281 774 2357 est,
798 2265 1032 2341 doctissimus
1049 2267 1191 2340 Echhel
1210 2283 1362 2357 noster,
1382 2263 1619 2366 systematico
1640 2287 1699 2336 cr·
1783 2331 1787 2341 ,

7 2473 9 2478 ,
147 2391 239 2469 diue
260 2394 300 2468 in
320 2422 363 2471 re
380 2400 547 2476 numeria
560 2399 795 2490 introducto,
809 2425 934 2508 parem
957 2400 1114 2502 palmam
1131 2399 1202 2474 sibi
1222 2401 1374 2476 evicisse
1395 2396 1582 2499 putandus
1605 2413 1673 2472 est

247 2531 293 2602 Iu
312 2529 568 2608 distribuendo
587 2533 911 2633 describendoque
926 2537 1059 2609 Museo
1071 2532 1279 2610 Viennensi
1294 2534 1480 2608 Caesareo
1500 2547 1621 2606 autern
1640 2555 1698 2604 se·

146 2677 287 2760 quntum
307 2683 364 2739 est
380 2666 547 2742 ordinem
562 2669 672 2743 hunc.
697 2667 857 2740 Primum
875 2668 1066 2742 universos
1083 2692 1215 2742 numos
1233 2668 1276 2740 iu
1292 2667 1382 2744 duas
1405 2667 1540 2742 classes
1564 2643 1703 2764 diuisit,

146 2795 294 2872 scilicet
315 2797 358 2872 in
374 2827 508 2878 numos
527 2791 707 2876 urbium'
725 2818 763 2876 et
780 2801 821 2873 in
840 2827 972 2876 numos
989 2803 1229 2876 Romanos.

247 2907 342 3005 Tum
361 2933 506 3010 urbium
525 2961 658 3010 numos
683 2935 887 3054 secundum
910 2935 1078 3010 ordinem
1107 2931 1394 3034 geographicum
1422 2932 1629 3033 disposuit,
1657 2951 1694 3007 at

142 3066 350 3140 secuudum
373 3069 818 3173 provinciassubdivisit3
844 3069 1071 3169 singularum
1088 3093 1177 3142 raro
1194 3067 1464 3169 provinciarum
1486 3067 1599 3142 urbes
1634 3092 1694 3140 or·
1816 3073 1823 3084 '

144 3196 237 3274 dine
263 3199 501 3300 alphabetico
524 3203 742 3295 collocavit,
772 3229 982 3305 regesque,
1010 3227 1170 3305 quorum
1192 3201 1325 3276 ditioni
1346 3200 1539 3303 subjectae
1574 3218 1691 3293 eraut,

146 3331 568 3435 ordinechronologico
585 3338 787 3441 subjunxit.
1221 3423 1223 3428 ,

243 3466 386 3543 Names
411 3470 692 3546 coloniarum
711 3473 799 3546 olim
818 3472 952 3568 inusa
975 3470 1098 3548 fuerat
1118 3488 1309 3572 separatos
1333 3469 1552 3568 disponere,
1579 3485 1693 3566 prout

144 3599 342 3700 inscriptio
364 3621 464 3678 esset
484 3605 544 3680 rel
561 3631 695 3705 graece
714 3607 773 3683 rel
787 3607 913 3682 latina.
937 3609 1067 3707 aquo
1087 3632 1157 3680 usu
1170 3603 1530 3705 Harduinusprimus
1551 3602 1689 3676 duces·

140 3733 195 3808 sit
214 3751 252 3808 et
275 3755 430 3814 cunctos
458 3740 686 3816 coloniarum
712 3767 845 3816 numos
867 3741 939 3816 sihi
958 3741 1178 3817 reordinare
1199 3739 1368 3821 instituit.
1400 3737 1543 3813 Echhel
1566 3753 1689 3812 autern

138 3865 374 3944 coloniarum
391 3899 524 3948 numos
543 3874 894 3952 numisrutonomis
910 3875 1169 3978 adjungendos
1187 3873 1339 3977 putavit,
1357 3891 1569 3975 propterea,
1586 3871 1690 3971 quod

139 4001 379 4081 haereticae
398 4008 514 4082 series
531 4009 675 4084 urbium
688 4010 835 4111 plenior
854 4009 1081 4086 redderetur.
1108 4008 1179 4084 Cui
1202 4008 1352 4108 quidem
1382 4025 1518 4108 coapto
1541 4007 1606 4107 qui
1624 4005 1688 4079 ad·

138 4156 391 4233 versarentur,
415 4169 493 4217 non
516 4144 717 4220 defuerunt
735 4146 791 4220 rei
811 4143 999 4219 numeriae
1017 4159 1242 4236 sectatores,
1266 4140 1543 4241 prudentissimi
1563 4157 1687 4215 tamen

136 4271 283 4372 quique
303 4276 343 4348 in
363 4279 742 4375 partasEclahelianas
756 4280 935 4356 transiere
959 4279 1029 4353 hac
1047 4277 1095 4390 de
1109 4301 1232 4368 eausa,
1256 4275 1358 4375 quod
1374 4298 1460 4376 pars
1479 4299 1606 4354 aversa
1618 4273 1686 4347 hu·

135 4409 202 4506 jus
219 4428 390 4484 monetae
410 4411 492 4487 fere
511 4415 626 4514 magis
643 4417 692 4494 ad
710 4417 823 4491 urbes
841 4413 1012 4504 refertur,
1031 4437 1186 4512 quarum
1208 4411 1312 4510 jussu
1333 4409 1421 4484 olim
1440 4435 1551 4487 cusae
1564 4409 1686 4500 suere,

134 4565 251 4638 quarn
271 4543 321 4618 ad
340 4546 549 4648 principes,
575 4576 733 4650 quorum
750 4551 865 4626 facies
883 4548 923 4622 in
939 4563 1043 4648 parte
1061 4545 1247 4621 anteriore
1270 4562 1546 4645 repraesentata
1562 4566 1629 4624 est.

232 4655 484 4755 insularum
506 4709 652 4775 numos,
678 4709 775 4786 quos
792 4683 997 4760 Pellerinus
1022 4679 1218 4786 sejunctim
1236 4678 1461 4756 ordinandos
1481 4700 1685 4784 putaverat,

132 4809 277 4885 Eekhel
300 4832 428 4890 noster
447 4833 626 4893 terrarum
646 4819 893 4922 adjacentium
912 4817 1033 4899 nuruis
1053 4816 1257 4919 adjungere
1276 4815 1327 4894 ob
1348 4833 1580 4896 consuetam
1594 4821 1686 4894 utri·

133 4969 256 5046 usque
276 4967 449 5026 monetae
469 4951 683 5032 affinitatem
705 4955 875 5032 malebat.

396 5080 400 5086 '
1267 5089 1291 5162 b
