<?xml version="1.0" encoding="UTF-8"?>
<!DOCTYPE html PUBLIC "-//W3C//DTD XHTML 1.0 Transitional//EN"
    "http://www.w3.org/TR/xhtml1/DTD/xhtml1-transitional.dtd">
<html xmlns="http://www.w3.org/1999/xhtml" xml:lang="en" lang="en">
 <head>
  <title>
</title>
<meta http-equiv="Content-Type" content="text/html;charset=utf-8" />
  <meta name='ocr-system' content='tesseract 3.04.00' />
  <meta name='ocr-capabilities' content='ocr_page ocr_carea ocr_par ocr_line ocrx_word'/>
</head>
<body>
  <div class='ocr_page' id='page_1' title='image "./doctrinanumorum01hohlgoog/doctrinanumorum01hohlgoog_0301.png"; bbox 0 0 4264 5502; ppageno 0'>
   <div class='ocr_carea' id='block_1_1' title="bbox 394 503 466 574">
    <p class='ocr_par' dir='ltr' id='par_1_1' title="bbox 394 503 466 574">
     <span class='ocr_line' id='line_1_1' title="bbox 394 503 466 574; baseline -0.014 -2"><span class='ocrx_word' id='word_1_1' title='bbox 394 503 466 574; x_wconf 69' lang='lat'>280</span> 
     </span>
    </p>
   </div>
   <div class='ocr_carea' id='block_1_2' title="bbox 396 633 1146 1151">
    <p class='ocr_par' dir='ltr' id='par_1_2' title="bbox 396 633 1146 1151">
     <span class='ocr_line' id='line_1_2' title="bbox 396 633 1146 748; baseline -0.019 -16"><span class='ocrx_word' id='word_1_2' title='bbox 396 637 531 748; x_wconf 69' lang='lat' dir='ltr'>riorum</span> <span class='ocrx_word' id='word_1_3' title='bbox 552 655 634 728; x_wconf 81' lang='lat' dir='ltr'>illud</span> <span class='ocrx_word' id='word_1_4' title='bbox 663 659 755 724; x_wconf 81' lang='lat' dir='ltr'>notas</span> <span class='ocrx_word' id='word_1_5' title='bbox 780 633 921 720; x_wconf 74' lang='lat' dir='ltr'>referte.</span> <span class='ocrx_word' id='word_1_6' title='bbox 965 653 1021 718; x_wconf 80' lang='lat' dir='ltr'>sin</span> <span class='ocrx_word' id='word_1_7' title='bbox 1048 653 1146 732; x_wconf 77' lang='lat' dir='ltr'>istud,</span> 
     </span>
     <span class='ocr_line' id='line_1_3' title="bbox 399 759 1143 836; baseline -0.02 -1"><span class='ocrx_word' id='word_1_8' title='bbox 399 768 521 835; x_wconf 75' lang='lat' dir='ltr'>sellem</span> <span class='ocrx_word' id='word_1_9' title='bbox 546 766 697 828; x_wconf 82' lang='lat' dir='ltr'>idoneum</span> <span class='ocrx_word' id='word_1_10' title='bbox 727 781 854 824; x_wconf 84' lang='lat' dir='ltr'>causam</span> <span class='ocrx_word' id='word_1_11' title='bbox 880 759 968 836; x_wconf 85' lang='lat' dir='ltr'>dari,</span> <span class='ocrx_word' id='word_1_12' title='bbox 1000 779 1059 821; x_wconf 89' lang='lat' dir='ltr'>our</span> <span class='ocrx_word' id='word_1_13' title='bbox 1079 779 1143 820; x_wconf 87' lang='lat' dir='ltr'>mo·</span> 
     </span>
     <span class='ocr_line' id='line_1_4' title="bbox 398 858 1145 946; baseline -0.019 -10"><span class='ocrx_word' id='word_1_14' title='bbox 398 872 499 936; x_wconf 86' lang='lat' dir='ltr'>luerit</span> <span class='ocrx_word' id='word_1_15' title='bbox 518 866 715 934; x_wconf 85' lang='lat' dir='ltr'>monetarius</span> <span class='ocrx_word' id='word_1_16' title='bbox 735 859 978 946; x_wconf 73' lang='lat' dir='ltr'>monogramma</span> <span class='ocrx_word' id='word_1_17' title='bbox 997 858 1083 923; x_wconf 88' lang='lat' dir='ltr'>istud</span> <span class='ocrx_word' id='word_1_18' title='bbox 1100 859 1145 922; x_wconf 89' lang='lat' dir='ltr'>al·</span> 
     </span>
     <span class='ocr_line' id='line_1_5' title="bbox 397 961 1146 1048; baseline -0.021 -10"><span class='ocrx_word' id='word_1_19' title='bbox 397 991 471 1038; x_wconf 87' lang='lat' dir='ltr'>tero</span> <span class='ocrx_word' id='word_1_20' title='bbox 491 973 623 1046; x_wconf 85' lang='lat' dir='ltr'>labore,</span> <span class='ocrx_word' id='word_1_21' title='bbox 647 979 680 1031; x_wconf 86' lang='lat' dir='ltr'>et</span> <span class='ocrx_word' id='word_1_22' title='bbox 696 967 728 1028; x_wconf 91' lang='lat' dir='ltr'>in</span> <span class='ocrx_word' id='word_1_23' title='bbox 746 965 881 1048; x_wconf 80' lang='lat' dir='ltr'>singulis</span> <span class='ocrx_word' id='word_1_24' title='bbox 899 961 1028 1048; x_wconf 89' lang='lat' dir='ltr'>quidem</span> <span class='ocrx_word' id='word_1_25' title='bbox 1050 981 1146 1044; x_wconf 88' lang='lat' dir='ltr'>repe·</span> 
     </span>
     <span class='ocr_line' id='line_1_6' title="bbox 396 1069 1144 1151; baseline -0.017 -12"><span class='ocrx_word' id='word_1_26' title='bbox 396 1079 474 1151; x_wconf 88' lang='lat' dir='ltr'>tito,</span> <span class='ocrx_word' id='word_1_27' title='bbox 503 1077 680 1136; x_wconf 76' lang='lat' dir='ltr'><strong>introrsum</strong></span> <span class='ocrx_word' id='word_1_28' title='bbox 703 1069 868 1150; x_wconf 86' lang='lat' dir='ltr'>scalpere,</span> <span class='ocrx_word' id='word_1_29' title='bbox 900 1087 993 1149; x_wconf 87' lang='lat' dir='ltr'>quom</span> <span class='ocrx_word' id='word_1_30' title='bbox 1017 1083 1144 1140; x_wconf 79' lang='lat' dir='ltr'>curere,</span> 
     </span>
    </p>
   </div>
   <div class='ocr_carea' id='block_1_3' title="bbox 267 1162 1146 1264">
    <p class='ocr_par' dir='ltr' id='par_1_3' title="bbox 267 1162 1146 1264">
     <span class='ocr_line' id='line_1_7' title="bbox 267 1162 1146 1264; baseline -0.014 -26"><span class='ocrx_word' id='word_1_31' title='bbox 267 1229 270 1238; x_wconf 22' lang='grc' dir='ltr'><strong><em>Δ</em></strong></span> <span class='ocrx_word' id='word_1_32' title='bbox 398 1177 486 1264; x_wconf 86' lang='lat' dir='ltr'>quod</span> <span class='ocrx_word' id='word_1_33' title='bbox 509 1179 588 1238; x_wconf 89' lang='lat' dir='ltr'>alias</span> <span class='ocrx_word' id='word_1_34' title='bbox 613 1175 646 1234; x_wconf 90' lang='lat' dir='ltr'>in</span> <span class='ocrx_word' id='word_1_35' title='bbox 667 1169 824 1232; x_wconf 79' lang='lat' dir='ltr'>similibus</span> <span class='ocrx_word' id='word_1_36' title='bbox 850 1169 935 1230; x_wconf 87' lang='lat' dir='ltr'>notis</span> <span class='ocrx_word' id='word_1_37' title='bbox 958 1162 1146 1228; x_wconf 76' lang='lat' dir='ltr'>constanter</span> 
     </span>
    </p>
   </div>
   <div class='ocr_carea' id='block_1_4' title="bbox 396 1270 1144 1355">
    <p class='ocr_par' dir='ltr' id='par_1_4' title="bbox 396 1270 1144 1355">
     <span class='ocr_line' id='line_1_8' title="bbox 396 1270 1144 1355; baseline -0.015 -13"><span class='ocrx_word' id='word_1_38' title='bbox 396 1281 518 1342; x_wconf 81' lang='lat' dir='ltr'>facturn</span> <span class='ocrx_word' id='word_1_39' title='bbox 545 1277 711 1348; x_wconf 83' lang='lat' dir='ltr'>novimus,</span> <span class='ocrx_word' id='word_1_40' title='bbox 744 1287 782 1334; x_wconf 80' lang='lat' dir='ltr'>ut</span> <span class='ocrx_word' id='word_1_41' title='bbox 803 1273 866 1353; x_wconf 86' lang='lat' dir='ltr'>jam</span> <span class='ocrx_word' id='word_1_42' title='bbox 893 1270 1056 1355; x_wconf 90' lang='lat' dir='ltr'>principio</span> <span class='ocrx_word' id='word_1_43' title='bbox 1079 1291 1144 1332; x_wconf 86' lang='lat' dir='ltr'>ma·</span> 
     </span>
    </p>
   </div>
   <div class='ocr_carea' id='block_1_5' title="bbox 397 1369 1159 1461">
    <p class='ocr_par' dir='ltr' id='par_1_5' title="bbox 397 1369 1159 1461">
     <span class='ocr_line' id='line_1_9' title="bbox 397 1369 1159 1461; baseline -0.017 -17"><span class='ocrx_word' id='word_1_44' title='bbox 397 1381 477 1444; x_wconf 87' lang='lat' dir='ltr'>ttici</span> <span class='ocrx_word' id='word_1_45' title='bbox 489 1379 684 1461; x_wconf 86' lang='lat' dir='ltr'>insculptum</span> <span class='ocrx_word' id='word_1_46' title='bbox 701 1375 897 1437; x_wconf 80' lang='lat' dir='ltr'>succedente</span> <span class='ocrx_word' id='word_1_47' title='bbox 915 1369 1051 1438; x_wconf 87' lang='lat' dir='ltr'>subinde</span> <span class='ocrx_word' id='word_1_48' title='bbox 1067 1369 1159 1432; x_wconf 87' lang='lat' dir='ltr'>mal·-</span> 
     </span>
    </p>
   </div>
   <div class='ocr_carea' id='block_1_6' title="bbox 397 1474 1146 1564">
    <p class='ocr_par' dir='ltr' id='par_1_6' title="bbox 397 1474 1146 1564">
     <span class='ocr_line' id='line_1_10' title="bbox 397 1474 1146 1564; baseline -0.013 -20"><span class='ocrx_word' id='word_1_49' title='bbox 397 1484 453 1547; x_wconf 86' lang='lat' dir='ltr'>loo</span> <span class='ocrx_word' id='word_1_50' title='bbox 478 1501 559 1564; x_wconf 88' lang='lat' dir='ltr'>opus</span> <span class='ocrx_word' id='word_1_51' title='bbox 583 1493 712 1541; x_wconf 84' lang='lat' dir='ltr'>exstans</span> <span class='ocrx_word' id='word_1_52' title='bbox 734 1474 893 1538; x_wconf 81' lang='lat' dir='ltr'>efiiceret.</span> <span class='ocrx_word' id='word_1_53' title='bbox 937 1475 1146 1553; x_wconf 80' lang='lat' dir='ltr'>Monogram·</span> 
     </span>
    </p>
   </div>
   <div class='ocr_carea' id='block_1_7' title="bbox 398 1576 1159 1682">
    <p class='ocr_par' dir='ltr' id='par_1_7' title="bbox 398 1576 1159 1682">
     <span class='ocr_line' id='line_1_11' title="bbox 398 1576 1159 1682; baseline -0.014 -36"><span class='ocrx_word' id='word_1_54' title='bbox 398 1607 450 1647; x_wconf 85' lang='lat' dir='ltr'>ms</span> <span class='ocrx_word' id='word_1_55' title='bbox 476 1579 556 1648; x_wconf 79' lang='lat' dir='ltr'>vero</span> <span class='ocrx_word' id='word_1_56' title='bbox 582 1577 669 1641; x_wconf 86' lang='lat' dir='ltr'>istud</span> <span class='ocrx_word' id='word_1_57' title='bbox 693 1577 846 1640; x_wconf 87' lang='lat' dir='ltr'>conlecto</span> <span class='ocrx_word' id='word_1_58' title='bbox 871 1576 935 1658; x_wconf 80' lang='lat' dir='ltr'>jum</span> <span class='ocrx_word' id='word_1_59' title='bbox 959 1596 1078 1650; x_wconf 86' lang='lat' dir='ltr'>numo,</span> <span class='ocrx_word' id='word_1_60' title='bbox 1099 1587 1159 1682; x_wconf 51' lang='lat' dir='ltr'>ab·</span> 
     </span>
    </p>
   </div>
   <div class='ocr_carea' id='block_1_8' title="bbox 359 1676 1152 3091">
    <p class='ocr_par' dir='ltr' id='par_1_8' title="bbox 372 1676 1151 2280">
     <span class='ocr_line' id='line_1_12' title="bbox 372 1676 1145 1770; baseline -0.016 -21"><span class='ocrx_word' id='word_1_61' title='bbox 372 1685 373 1693; x_wconf 67' lang='grc'>’</span> <span class='ocrx_word' id='word_1_62' title='bbox 400 1705 464 1770; x_wconf 84' lang='lat' dir='ltr'>que</span> <span class='ocrx_word' id='word_1_63' title='bbox 488 1683 589 1758; x_wconf 89' lang='lat' dir='ltr'>adeo,</span> <span class='ocrx_word' id='word_1_64' title='bbox 612 1679 701 1764; x_wconf 92' lang='lat' dir='ltr'>quod</span> <span class='ocrx_word' id='word_1_65' title='bbox 726 1679 808 1754; x_wconf 81' lang='lat' dir='ltr'>disi,</span> <span class='ocrx_word' id='word_1_66' title='bbox 831 1681 935 1741; x_wconf 86' lang='lat' dir='ltr'>altero</span> <span class='ocrx_word' id='word_1_67' title='bbox 958 1678 1071 1741; x_wconf 87' lang='lat' dir='ltr'>labore</span> <span class='ocrx_word' id='word_1_68' title='bbox 1096 1676 1145 1738; x_wconf 82' lang='lat' dir='ltr'>iu·</span> 
     </span>
     <span class='ocr_line' id='line_1_13' title="bbox 397 1781 1147 1866; baseline -0.016 -15"><span class='ocrx_word' id='word_1_69' title='bbox 397 1790 465 1851; x_wconf 88' lang='lat' dir='ltr'>isse</span> <span class='ocrx_word' id='word_1_70' title='bbox 492 1785 676 1852; x_wconf 86' lang='lat' dir='ltr'>inductum,</span> <span class='ocrx_word' id='word_1_71' title='bbox 700 1801 741 1844; x_wconf 85' lang='lat' dir='ltr'>eo</span> <span class='ocrx_word' id='word_1_72' title='bbox 766 1797 871 1865; x_wconf 87' lang='lat' dir='ltr'>patet,</span> <span class='ocrx_word' id='word_1_73' title='bbox 895 1781 982 1866; x_wconf 90' lang='lat' dir='ltr'>quod</span> <span class='ocrx_word' id='word_1_74' title='bbox 1006 1781 1039 1841; x_wconf 91' lang='lat' dir='ltr'>in</span> <span class='ocrx_word' id='word_1_75' title='bbox 1065 1799 1147 1840; x_wconf 91' lang='lat' dir='ltr'>non·</span> 
     </span>
     <span class='ocr_line' id='line_1_14' title="bbox 396 1881 1144 1972; baseline -0.013 -20"><span class='ocrx_word' id='word_1_76' title='bbox 396 1889 496 1953; x_wconf 88' lang='lat' dir='ltr'>nullis</span> <span class='ocrx_word' id='word_1_77' title='bbox 514 1888 620 1972; x_wconf 89' lang='lat' dir='ltr'>ipsum</span> <span class='ocrx_word' id='word_1_78' title='bbox 643 1885 764 1948; x_wconf 89' lang='lat' dir='ltr'>collum</span> <span class='ocrx_word' id='word_1_79' title='bbox 787 1885 884 1968; x_wconf 89' lang='lat' dir='ltr'>positi</span> <span class='ocrx_word' id='word_1_80' title='bbox 907 1883 995 1966; x_wconf 79' lang='lat' dir='ltr'>juxta</span> <span class='ocrx_word' id='word_1_81' title='bbox 1019 1881 1144 1963; x_wconf 83' lang='lat' dir='ltr'>cepitis,</span> 
     </span>
     <span class='ocr_line' id='line_1_15' title="bbox 399 1985 1145 2074; baseline -0.012 -20"><span class='ocrx_word' id='word_1_82' title='bbox 399 2013 437 2055; x_wconf 89' lang='lat' dir='ltr'>ac</span> <span class='ocrx_word' id='word_1_83' title='bbox 462 2006 577 2074; x_wconf 87' lang='lat' dir='ltr'>pectus</span> <span class='ocrx_word' id='word_1_84' title='bbox 604 1985 769 2072; x_wconf 75' lang='lat' dir='ltr'>pervadit,</span> <span class='ocrx_word' id='word_1_85' title='bbox 792 2001 883 2051; x_wconf 91' lang='lat' dir='ltr'>certo</span> <span class='ocrx_word' id='word_1_86' title='bbox 907 1985 1027 2047; x_wconf 90' lang='lat' dir='ltr'>indicio</span> <span class='ocrx_word' id='word_1_87' title='bbox 1051 2003 1145 2046; x_wconf 82' lang='lat' dir='ltr'>revo-</span> 
     </span>
     <span class='ocr_line' id='line_1_16' title="bbox 402 2086 1151 2174; baseline -0.016 -17"><span class='ocrx_word' id='word_1_88' title='bbox 402 2093 465 2157; x_wconf 76' lang='lat' dir='ltr'>cati</span> <span class='ocrx_word' id='word_1_89' title='bbox 483 2093 523 2153; x_wconf 91' lang='lat' dir='ltr'>ad</span> <span class='ocrx_word' id='word_1_90' title='bbox 546 2111 627 2174; x_wconf 88' lang='lat' dir='ltr'>opus</span> <span class='ocrx_word' id='word_1_91' title='bbox 646 2087 756 2164; x_wconf 82' lang='lat' dir='ltr'>numi,</span> <span class='ocrx_word' id='word_1_92' title='bbox 778 2103 812 2149; x_wconf 90' lang='lat' dir='ltr'>ut</span> <span class='ocrx_word' id='word_1_93' title='bbox 833 2087 916 2150; x_wconf 86' lang='lat' dir='ltr'>adeo</span> <span class='ocrx_word' id='word_1_94' title='bbox 935 2109 1000 2149; x_wconf 92' lang='lat' dir='ltr'>non</span> <span class='ocrx_word' id='word_1_95' title='bbox 1019 2086 1083 2146; x_wconf 83' lang='lat' dir='ltr'>sint</span> <span class='ocrx_word' id='word_1_96' title='bbox 1104 2094 1151 2145; x_wconf 84' lang='lat' dir='ltr'>ex&#39;</span> 
     </span>
     <span class='ocr_line' id='line_1_17' title="bbox 399 2199 1146 2280; baseline -0.015 -23"><span class='ocrx_word' id='word_1_97' title='bbox 399 2213 511 2257; x_wconf 84' lang='lat' dir='ltr'>earum</span> <span class='ocrx_word' id='word_1_98' title='bbox 540 2206 690 2255; x_wconf 82' lang='lat' dir='ltr'>notarum</span> <span class='ocrx_word' id='word_1_99' title='bbox 716 2209 858 2280; x_wconf 79' lang='lat' dir='ltr'>genere,</span> <span class='ocrx_word' id='word_1_100' title='bbox 898 2209 975 2272; x_wconf 86' lang='lat' dir='ltr'>quas</span> <span class='ocrx_word' id='word_1_101' title='bbox 1004 2199 1146 2247; x_wconf 87' lang='lat' dir='ltr'>moneta·</span> 
     </span>
    </p>

    <p class='ocr_par' dir='ltr' id='par_1_9' title="bbox 359 2292 1146 2376">
     <span class='ocr_line' id='line_1_18' title="bbox 359 2292 1146 2376; baseline -0.013 -16"><span class='ocrx_word' id='word_1_102' title='bbox 359 2311 363 2319; x_wconf 89' lang='lat'>&#39;</span> <span class='ocrx_word' id='word_1_103' title='bbox 398 2297 524 2360; x_wconf 88' lang='lat' dir='ltr'>riorum</span> <span class='ocrx_word' id='word_1_104' title='bbox 540 2293 757 2376; x_wconf 85' lang='lat' dir='ltr'>appellamus,</span> <span class='ocrx_word' id='word_1_105' title='bbox 780 2292 838 2354; x_wconf 87' lang='lat' dir='ltr'>sed</span> <span class='ocrx_word' id='word_1_106' title='bbox 855 2308 982 2365; x_wconf 84' lang='lat' dir='ltr'>carum,</span> <span class='ocrx_word' id='word_1_107' title='bbox 1005 2311 1083 2372; x_wconf 82' lang='lat' dir='ltr'>quas</span> <span class='ocrx_word' id='word_1_108' title='bbox 1098 2293 1146 2350; x_wconf 83' lang='lat' dir='ltr'>in·</span> 
     </span>
    </p>

    <p class='ocr_par' dir='ltr' id='par_1_10' title="bbox 399 2385 1152 2475">
     <span class='ocr_line' id='line_1_19' title="bbox 399 2385 1152 2475; baseline -0.012 -14"><span class='ocrx_word' id='word_1_109' title='bbox 399 2420 511 2473; x_wconf 81' lang='lat' dir='ltr'>cusas,</span> <span class='ocrx_word' id='word_1_110' title='bbox 534 2409 568 2458; x_wconf 90' lang='lat' dir='ltr'>et</span> <span class='ocrx_word' id='word_1_111' title='bbox 592 2413 665 2456; x_wconf 89' lang='lat' dir='ltr'>cum</span> <span class='ocrx_word' id='word_1_112' title='bbox 691 2391 794 2452; x_wconf 80' lang='lat' dir='ltr'>Gallis</span> <span class='ocrx_word' id='word_1_113' title='bbox 816 2402 1070 2475; x_wconf 79' lang='lat' dir='ltr'>contremurquea</span> <span class='ocrx_word' id='word_1_114' title='bbox 1092 2385 1152 2454; x_wconf 83' lang='lat' dir='ltr'>vo·¹</span> 
     </span>
    </p>

    <p class='ocr_par' dir='ltr' id='par_1_11' title="bbox 399 2491 1145 2580">
     <span class='ocr_line' id='line_1_20' title="bbox 399 2491 1145 2580; baseline -0.008 -18"><span class='ocrx_word' id='word_1_115' title='bbox 399 2520 527 2576; x_wconf 86' lang='lat' dir='ltr'>camus,</span> <span class='ocrx_word' id='word_1_116' title='bbox 550 2499 591 2559; x_wconf 89' lang='lat' dir='ltr'>de</span> <span class='ocrx_word' id='word_1_117' title='bbox 617 2493 733 2580; x_wconf 88' lang='lat' dir='ltr'>quibus</span> <span class='ocrx_word' id='word_1_118' title='bbox 759 2493 813 2577; x_wconf 82' lang='lat' dir='ltr'>egi</span> <span class='ocrx_word' id='word_1_119' title='bbox 835 2491 1002 2556; x_wconf 79' lang='lat' dir='ltr'>volumine</span> <span class='ocrx_word' id='word_1_120' title='bbox 1023 2493 1047 2554; x_wconf 88' lang='lat' dir='ltr'>l.</span> <span class='ocrx_word' id='word_1_121' title='bbox 1072 2508 1145 2573; x_wconf 76' lang='lat' dir='ltr'>pag.</span> 
     </span>
    </p>

    <p class='ocr_par' dir='ltr' id='par_1_12' title="bbox 400 2591 1147 2689">
     <span class='ocr_line' id='line_1_21' title="bbox 400 2591 1147 2689; baseline -0.013 -25"><span class='ocrx_word' id='word_1_122' title='bbox 400 2600 501 2669; x_wconf 72' lang='lat' dir='ltr'>CVll.</span> <span class='ocrx_word' id='word_1_123' title='bbox 546 2595 694 2678; x_wconf 79' lang='lat' dir='ltr'>conjecit</span> <span class='ocrx_word' id='word_1_124' title='bbox 723 2597 999 2689; x_wconf 73' lang='lat' dir='ltr'>Cunnegieterus,</span> <span class='ocrx_word' id='word_1_125' title='bbox 1030 2592 1087 2656; x_wconf 88' lang='lat' dir='ltr'>has</span> <span class='ocrx_word' id='word_1_126' title='bbox 1109 2591 1147 2654; x_wconf 91' lang='lat' dir='ltr'>li·</span> 
     </span>
    </p>

    <p class='ocr_par' dir='ltr' id='par_1_13' title="bbox 400 2697 1146 2789">
     <span class='ocr_line' id='line_1_22' title="bbox 400 2697 1146 2789; baseline -0.011 -23"><span class='ocrx_word' id='word_1_127' title='bbox 400 2718 488 2789; x_wconf 75' lang='lat' dir='ltr'>tepas</span> <span class='ocrx_word' id='word_1_128' title='bbox 513 2697 697 2784; x_wconf 82' lang='lat' dir='ltr'>significare</span> <span class='ocrx_word' id='word_1_129' title='bbox 725 2717 822 2782; x_wconf 85' lang='lat' dir='ltr'>posse</span> <span class='ocrx_word' id='word_1_130' title='bbox 852 2697 967 2760; x_wconf 84' lang='lat' dir='ltr'>Palma</span> <span class='ocrx_word' id='word_1_131' title='bbox 991 2697 1146 2772; x_wconf 83' lang='lat' dir='ltr'>Emerita,</span> 
     </span>
    </p>

    <p class='ocr_par' dir='ltr' id='par_1_14' title="bbox 396 2793 1149 3091">
     <span class='ocr_line' id='line_1_23' title="bbox 398 2793 1147 2877; baseline -0.013 -7"><span class='ocrx_word' id='word_1_132' title='bbox 398 2807 453 2870; x_wconf 79' lang='lat' dir='ltr'>rel</span> <span class='ocrx_word' id='word_1_133' title='bbox 477 2793 813 2877; x_wconf 57' lang='lat' dir='ltr'>Praemia&#39;Emerito,</span> <span class='ocrx_word' id='word_1_134' title='bbox 844 2799 895 2862; x_wconf 83' lang='lat' dir='ltr'>rel</span> <span class='ocrx_word' id='word_1_135' title='bbox 922 2797 1065 2861; x_wconf 73' lang='lat' dir='ltr'>Praemia·</span> <span class='ocrx_word' id='word_1_136' title='bbox 1088 2797 1147 2860; x_wconf 87' lang='lat' dir='ltr'>Er·</span> 
     </span>
     <span class='ocr_line' id='line_1_24' title="bbox 396 2901 1149 2991; baseline -0.016 -19"><span class='ocrx_word' id='word_1_137' title='bbox 396 2931 439 2991; x_wconf 73' lang='lat' dir='ltr'>qu</span> <span class='ocrx_word' id='word_1_138' title='bbox 456 2913 498 2990; x_wconf 87' lang='lat'>¹).</span> <span class='ocrx_word' id='word_1_139' title='bbox 542 2901 705 2968; x_wconf 76' lang='lat' dir='ltr'>invalidae</span> <span class='ocrx_word' id='word_1_140' title='bbox 727 2921 803 2964; x_wconf 88' lang='lat' dir='ltr'>sane</span> <span class='ocrx_word' id='word_1_141' title='bbox 824 2901 1044 2983; x_wconf 81' lang='lat' dir='ltr'>conjecturae.</span> <span class='ocrx_word' id='word_1_142' title='bbox 1088 2901 1149 2962; x_wconf 74' lang='lat' dir='ltr'>Se-</span> 
     </span>
     <span class='ocr_line' id='line_1_25' title="bbox 397 2999 1147 3091; baseline -0.019 -17"><span class='ocrx_word' id='word_1_143' title='bbox 397 3009 467 3074; x_wconf 87' lang='lat' dir='ltr'>rius</span> <span class='ocrx_word' id='word_1_144' title='bbox 489 3008 596 3091; x_wconf 89' lang='lat' dir='ltr'>ipsum</span> <span class='ocrx_word' id='word_1_145' title='bbox 621 3004 685 3068; x_wconf 91' lang='lat' dir='ltr'>hoc</span> <span class='ocrx_word' id='word_1_146' title='bbox 709 3023 953 3088; x_wconf 80' lang='lat' dir='ltr'>monogramma</span> <span class='ocrx_word' id='word_1_147' title='bbox 977 3003 1043 3062; x_wconf 85' lang='grc' dir='ltr'>ΕΡ.</span> <span class='ocrx_word' id='word_1_148' title='bbox 1069 2999 1147 3062; x_wconf 84' lang='lat' dir='ltr'>scri·</span> 
     </span>
    </p>
   </div>
   <div class='ocr_carea' id='block_1_9' title="bbox 911 469 1440 552">
    <p class='ocr_par' dir='ltr' id='par_1_15' title="bbox 911 469 1440 552">
     <span class='ocr_line' id='line_1_26' title="bbox 911 469 1440 552; baseline -0.006 -4"><span class='ocrx_word' id='word_1_149' title='bbox 911 469 1440 552; x_wconf 43' lang='lat' dir='ltr'>esuvbottotttttns</span> 
     </span>
    </p>
   </div>
   <div class='ocr_carea' id='block_1_10' title="bbox 1201 651 1946 954">
    <p class='ocr_par' dir='ltr' id='par_1_16' title="bbox 1201 651 1946 954">
     <span class='ocr_line' id='line_1_27' title="bbox 1265 651 1945 744; baseline 0.012 -28"><span class='ocrx_word' id='word_1_150' title='bbox 1265 653 1320 718; x_wconf 84' lang='lat' dir='ltr'>tv.</span> <span class='ocrx_word' id='word_1_151' title='bbox 1342 655 1506 720; x_wconf 72' lang='lat' dir='ltr'>volumen</span> <span class='ocrx_word' id='word_1_152' title='bbox 1524 652 1563 716; x_wconf 87' lang='lat' dir='ltr'>iis</span> <span class='ocrx_word' id='word_1_153' title='bbox 1584 651 1670 717; x_wconf 85' lang='lat' dir='ltr'>idern</span> <span class='ocrx_word' id='word_1_154' title='bbox 1692 669 1759 734; x_wconf 88' lang='lat' dir='ltr'>est,</span> <span class='ocrx_word' id='word_1_155' title='bbox 1782 659 1868 744; x_wconf 87' lang='lat' dir='ltr'>qnod</span> <span class='ocrx_word' id='word_1_156' title='bbox 1890 651 1945 723; x_wconf 72' lang='lat' dir='ltr'>ire</span> 
     </span>
     <span class='ocr_line' id='line_1_28' title="bbox 1201 754 1946 846; baseline 0.003 -26"><span class='ocrx_word' id='word_1_157' title='bbox 1201 758 1264 820; x_wconf 87' lang='lat' dir='ltr'>mis</span> <span class='ocrx_word' id='word_1_158' title='bbox 1288 757 1420 820; x_wconf 86' lang='lat' dir='ltr'>maximi</span> <span class='ocrx_word' id='word_1_159' title='bbox 1448 754 1588 832; x_wconf 86' lang='lat' dir='ltr'>moduli,</span> <span class='ocrx_word' id='word_1_160' title='bbox 1611 757 1669 820; x_wconf 87' lang='lat' dir='ltr'>sed</span> <span class='ocrx_word' id='word_1_161' title='bbox 1692 757 1848 824; x_wconf 82' lang='lat' dir='ltr'>deliciunt</span> <span class='ocrx_word' id='word_1_162' title='bbox 1867 783 1946 846; x_wconf 87' lang='lat' dir='ltr'>pun·</span> 
     </span>
     <span class='ocr_line' id='line_1_29' title="bbox 1202 853 1946 954; baseline 0.011 -36"><span class='ocrx_word' id='word_1_163' title='bbox 1202 855 1300 934; x_wconf 88' lang='lat' dir='ltr'>dere,</span> <span class='ocrx_word' id='word_1_164' title='bbox 1322 879 1396 924; x_wconf 88' lang='lat' dir='ltr'>nam</span> <span class='ocrx_word' id='word_1_165' title='bbox 1415 857 1500 921; x_wconf 79' lang='lat' dir='ltr'>aeris</span> <span class='ocrx_word' id='word_1_166' title='bbox 1517 872 1591 921; x_wconf 89' lang='lat' dir='ltr'>sunt</span> <span class='ocrx_word' id='word_1_167' title='bbox 1607 853 1712 921; x_wconf 84' lang='lat' dir='ltr'>minus</span> <span class='ocrx_word' id='word_1_168' title='bbox 1731 863 1842 954; x_wconf 83' lang='lat' dir='ltr'>crassi.</span> <span class='ocrx_word' id='word_1_169' title='bbox 1865 864 1946 926; x_wconf 68' lang='lat' dir='ltr'>sins</span> 
     </span>
    </p>
   </div>
   <div class='ocr_carea' id='block_1_11' title="bbox 1183 960 1950 1041">
    <p class='ocr_par' dir='ltr' id='par_1_17' title="bbox 1183 960 1950 1041">
     <span class='ocr_line' id='line_1_30' title="bbox 1183 960 1950 1041; baseline 0 -17"><span class='ocrx_word' id='word_1_170' title='bbox 1183 967 1310 1024; x_wconf 82' lang='lat' dir='ltr'>&#39;tumen</span> <span class='ocrx_word' id='word_1_171' title='bbox 1327 960 1492 1036; x_wconf 83' lang='lat' dir='ltr'>nonnulli,</span> <span class='ocrx_word' id='word_1_172' title='bbox 1513 961 1577 1022; x_wconf 84' lang='lat' dir='ltr'>etsi</span> <span class='ocrx_word' id='word_1_173' title='bbox 1596 961 1769 1026; x_wconf 79' lang='lat' dir='ltr'><strong>admodum</strong></span> <span class='ocrx_word' id='word_1_174' title='bbox 1786 963 1868 1041; x_wconf 90' lang='lat' dir='ltr'>rari,</span> <span class='ocrx_word' id='word_1_175' title='bbox 1892 985 1950 1030; x_wconf 77' lang='lat' dir='ltr'>ro·</span> 
     </span>
    </p>
   </div>
   <div class='ocr_carea' id='block_1_12' title="bbox 1201 1062 1948 1861">
    <p class='ocr_par' dir='ltr' id='par_1_18' title="bbox 1201 1062 1948 1861">
     <span class='ocr_line' id='line_1_31' title="bbox 1202 1062 1947 1140; baseline 0.007 -16"><span class='ocrx_word' id='word_1_176' title='bbox 1202 1063 1333 1126; x_wconf 87' lang='lat' dir='ltr'>luminis</span> <span class='ocrx_word' id='word_1_177' title='bbox 1355 1062 1522 1140; x_wconf 73' lang='lat' dir='ltr'>arctioris,</span> <span class='ocrx_word' id='word_1_178' title='bbox 1546 1075 1579 1124; x_wconf 92' lang='lat' dir='ltr'>et</span> <span class='ocrx_word' id='word_1_179' title='bbox 1596 1063 1682 1125; x_wconf 81' lang='lat' dir='ltr'>aeris</span> <span class='ocrx_word' id='word_1_180' title='bbox 1699 1065 1845 1128; x_wconf 87' lang='lat' dir='ltr'>nonnihil</span> <span class='ocrx_word' id='word_1_181' title='bbox 1863 1087 1947 1131; x_wconf 85' lang='lat' dir='ltr'>cres·</span> 
     </span>
     <span class='ocr_line' id='line_1_32' title="bbox 1203 1165 1946 1249; baseline 0.008 -23"><span class='ocrx_word' id='word_1_182' title='bbox 1203 1165 1314 1241; x_wconf 86' lang='lat' dir='ltr'>sioris,</span> <span class='ocrx_word' id='word_1_183' title='bbox 1338 1165 1450 1248; x_wconf 84' lang='lat' dir='ltr'>quoles</span> <span class='ocrx_word' id='word_1_184' title='bbox 1469 1177 1542 1225; x_wconf 86' lang='lat' dir='ltr'>sunt</span> <span class='ocrx_word' id='word_1_185' title='bbox 1557 1165 1601 1240; x_wconf 83' lang='lat' dir='ltr'>ii,</span> <span class='ocrx_word' id='word_1_186' title='bbox 1625 1185 1705 1249; x_wconf 88' lang='lat' dir='ltr'>quos</span> <span class='ocrx_word' id='word_1_187' title='bbox 1723 1167 1835 1231; x_wconf 82' lang='lat' dir='ltr'>italico</span> <span class='ocrx_word' id='word_1_188' title='bbox 1854 1188 1946 1232; x_wconf 81' lang='lat' dir='ltr'>tocu-</span> 
     </span>
     <span class='ocr_line' id='line_1_33' title="bbox 1201 1263 1945 1352; baseline 0.008 -26"><span class='ocrx_word' id='word_1_189' title='bbox 1201 1263 1280 1328; x_wconf 90' lang='lat' dir='ltr'>bolo</span> <span class='ocrx_word' id='word_1_190' title='bbox 1317 1269 1567 1349; x_wconf 78' lang='lat' dir='ltr'>medaplionclm&#39;</span> <span class='ocrx_word' id='word_1_191' title='bbox 1601 1267 1812 1352; x_wconf 77' lang='lat' dir='ltr'>appellamus.</span> <span class='ocrx_word' id='word_1_192' title='bbox 1856 1271 1945 1334; x_wconf 75' lang='lat' dir='ltr'>&#39;Palis</span> 
     </span>
     <span class='ocr_line' id='line_1_34' title="bbox 1202 1367 1947 1436; baseline -0.001 -4"><span class='ocrx_word' id='word_1_193' title='bbox 1202 1381 1253 1432; x_wconf 89' lang='lat' dir='ltr'>est</span> <span class='ocrx_word' id='word_1_194' title='bbox 1276 1367 1308 1427; x_wconf 92' lang='lat' dir='ltr'>in</span> <span class='ocrx_word' id='word_1_195' title='bbox 1331 1387 1446 1430; x_wconf 84' lang='lat' dir='ltr'>museo</span> <span class='ocrx_word' id='word_1_196' title='bbox 1470 1369 1631 1432; x_wconf 87' lang='lat' dir='ltr'>Caesareo</span> <span class='ocrx_word' id='word_1_197' title='bbox 1656 1391 1772 1431; x_wconf 90' lang='lat' dir='ltr'>numus</span> <span class='ocrx_word' id='word_1_198' title='bbox 1793 1373 1947 1436; x_wconf 85' lang='lat' dir='ltr'>Constan-</span> 
     </span>
     <span class='ocr_line' id='line_1_35' title="bbox 1202 1469 1948 1556; baseline 0.005 -24"><span class='ocrx_word' id='word_1_199' title='bbox 1202 1469 1262 1532; x_wconf 88' lang='lat' dir='ltr'>tini</span> <span class='ocrx_word' id='word_1_200' title='bbox 1289 1469 1354 1547; x_wconf 65' lang='lat' dir='ltr'>M„</span> <span class='ocrx_word' id='word_1_201' title='bbox 1392 1470 1451 1533; x_wconf 90' lang='lat' dir='ltr'>sod</span> <span class='ocrx_word' id='word_1_202' title='bbox 1480 1491 1577 1556; x_wconf 86' lang='lat' dir='ltr'>quem</span> <span class='ocrx_word' id='word_1_203' title='bbox 1607 1469 1803 1556; x_wconf 85' lang='lat' dir='ltr'>insculptum</span> <span class='ocrx_word' id='word_1_204' title='bbox 1835 1491 1948 1536; x_wconf 86' lang='lat' dir='ltr'>mono·</span> 
     </span>
     <span class='ocr_line' id='line_1_36' title="bbox 1203 1571 1946 1658; baseline 0.011 -26"><span class='ocrx_word' id='word_1_205' title='bbox 1203 1593 1348 1658; x_wconf 75' lang='lat' dir='ltr'>gramma</span> <span class='ocrx_word' id='word_1_206' title='bbox 1366 1573 1432 1634; x_wconf 84' lang='grc' dir='ltr'>ΕΡ.</span> <span class='ocrx_word' id='word_1_207' title='bbox 1457 1589 1582 1636; x_wconf 85' lang='lat' dir='ltr'>certum</span> <span class='ocrx_word' id='word_1_208' title='bbox 1602 1571 1841 1652; x_wconf 71' lang='lat' dir='ltr'>contorniatum</span> <span class='ocrx_word' id='word_1_209' title='bbox 1859 1571 1946 1640; x_wconf 82' lang='lat' dir='ltr'>fucit.</span> 
     </span>
     <span class='ocr_line' id='line_1_37' title="bbox 1202 1672 1947 1760; baseline 0.007 -25"><span class='ocrx_word' id='word_1_210' title='bbox 1202 1672 1376 1735; x_wconf 83' lang='lat' dir='ltr'>insolentis</span> <span class='ocrx_word' id='word_1_211' title='bbox 1405 1677 1579 1740; x_wconf 84' lang='lat' dir='ltr'>voluminis</span> <span class='ocrx_word' id='word_1_212' title='bbox 1610 1697 1709 1738; x_wconf 88' lang='lat' dir='ltr'>unum</span> <span class='ocrx_word' id='word_1_213' title='bbox 1742 1695 1814 1738; x_wconf 88' lang='lat' dir='ltr'>cont</span> <span class='ocrx_word' id='word_1_214' title='bbox 1841 1680 1947 1760; x_wconf 82' lang='lat' dir='ltr'>capite</span> 
     </span>
     <span class='ocr_line' id='line_1_38' title="bbox 1201 1776 1948 1861; baseline 0 -22"><span class='ocrx_word' id='word_1_215' title='bbox 1201 1777 1272 1841; x_wconf 87' lang='lat' dir='ltr'>Pla.</span> <span class='ocrx_word' id='word_1_216' title='bbox 1287 1776 1505 1845; x_wconf 80' lang='lat' dir='ltr'>Valentiniani</span> <span class='ocrx_word' id='word_1_217' title='bbox 1520 1799 1560 1841; x_wconf 85' lang='lat' dir='ltr'>ex</span> <span class='ocrx_word' id='word_1_218' title='bbox 1575 1797 1688 1840; x_wconf 87' lang='lat' dir='ltr'>moseo</span> <span class='ocrx_word' id='word_1_219' title='bbox 1706 1781 1840 1861; x_wconf 81' lang='lat' dir='ltr'>reginae</span> <span class='ocrx_word' id='word_1_220' title='bbox 1855 1779 1948 1843; x_wconf 85' lang='lat' dir='ltr'>Citri-</span> 
     </span>
    </p>
   </div>
   <div class='ocr_carea' id='block_1_13' title="bbox 1202 1875 1948 2066">
    <p class='ocr_par' dir='ltr' id='par_1_19' title="bbox 1202 1875 1948 2066">
     <span class='ocr_line' id='line_1_39' title="bbox 1202 1875 1948 1966; baseline 0.005 -26"><span class='ocrx_word' id='word_1_221' title='bbox 1202 1879 1306 1942; x_wconf 89' lang='lat' dir='ltr'>stinae</span> <span class='ocrx_word' id='word_1_222' title='bbox 1339 1893 1414 1963; x_wconf 90' lang='lat' dir='ltr'>post</span> <span class='ocrx_word' id='word_1_223' title='bbox 1444 1879 1527 1944; x_wconf 86' lang='lat' dir='ltr'>alios</span> <span class='ocrx_word' id='word_1_224' title='bbox 1557 1875 1660 1943; x_wconf 79' lang='lat' dir='ltr'>edidit</span> <span class='ocrx_word' id='word_1_225' title='bbox 1693 1881 1948 1966; x_wconf 81' lang='lat' dir='ltr'>Havercumpus.</span> 
     </span>
     <span class='ocr_line' id='line_1_40' title="bbox 1203 1975 1506 2066; baseline 0.007 -23"><span class='ocrx_word' id='word_1_226' title='bbox 1203 1983 1314 2066; x_wconf 83' lang='lat' dir='ltr'>(Num.</span> <span class='ocrx_word' id='word_1_227' title='bbox 1336 1981 1407 2063; x_wconf 77' lang='lat' dir='ltr'>ub.)</span> <span class='ocrx_word' id='word_1_228' title='bbox 1500 1975 1506 1984; x_wconf 73' lang='grc'>’</span> 
     </span>
    </p>
   </div>
   <div class='ocr_carea' id='block_1_14' title="bbox 1202 2184 1947 2886">
    <p class='ocr_par' dir='ltr' id='par_1_20' title="bbox 1202 2184 1947 2886">
     <span class='ocr_line' id='line_1_41' title="bbox 1238 2184 1946 2275; baseline -0.003 -23"><span class='ocrx_word' id='word_1_229' title='bbox 1238 2185 1309 2252; x_wconf 81' lang='lat' dir='ltr'>&#39;V·</span> <span class='ocrx_word' id='word_1_230' title='bbox 1332 2185 1501 2250; x_wconf 75' lang='lat' dir='ltr'>Fabricsm</span> <span class='ocrx_word' id='word_1_231' title='bbox 1532 2184 1595 2249; x_wconf 87' lang='lat' dir='ltr'>sibi</span> <span class='ocrx_word' id='word_1_232' title='bbox 1625 2185 1744 2250; x_wconf 84' lang='lat' dir='ltr'>babent</span> <span class='ocrx_word' id='word_1_233' title='bbox 1770 2189 1946 2275; x_wconf 75' lang='lat' dir='ltr'>propriant,</span> 
     </span>
     <span class='ocr_line' id='line_1_42' title="bbox 1203 2286 1947 2375; baseline 0.011 -27"><span class='ocrx_word' id='word_1_234' title='bbox 1203 2286 1317 2371; x_wconf 81' lang='lat' dir='ltr'>liguris</span> <span class='ocrx_word' id='word_1_235' title='bbox 1347 2287 1469 2374; x_wconf 84' lang='lat' dir='ltr'>planis,</span> <span class='ocrx_word' id='word_1_236' title='bbox 1511 2309 1690 2375; x_wconf 86' lang='lat' dir='ltr'>parumque</span> <span class='ocrx_word' id='word_1_237' title='bbox 1722 2309 1741 2354; x_wconf 85' lang='lat' dir='ltr'>e</span> <span class='ocrx_word' id='word_1_238' title='bbox 1773 2289 1947 2373; x_wconf 80' lang='lat' dir='ltr'>superlicio</span> 
     </span>
     <span class='ocr_line' id='line_1_43' title="bbox 1205 2389 1945 2476; baseline 0.005 -26"><span class='ocrx_word' id='word_1_239' title='bbox 1205 2391 1481 2476; x_wconf 71' lang='lat' dir='ltr'>prominentibus,</span> <span class='ocrx_word' id='word_1_240' title='bbox 1503 2391 1658 2453; x_wconf 87' lang='lat' dir='ltr'>nimirum</span> <span class='ocrx_word' id='word_1_241' title='bbox 1681 2389 1784 2475; x_wconf 87' lang='lat' dir='ltr'>quod,</span> <span class='ocrx_word' id='word_1_242' title='bbox 1808 2399 1843 2456; x_wconf 81' lang='lat' dir='ltr'>u&#39;t</span> <span class='ocrx_word' id='word_1_243' title='bbox 1869 2391 1945 2468; x_wconf 83' lang='lat' dir='ltr'>dixi,</span> 
     </span>
     <span class='ocr_line' id='line_1_44' title="bbox 1204 2491 1947 2576; baseline 0.001 -21"><span class='ocrx_word' id='word_1_244' title='bbox 1204 2491 1328 2556; x_wconf 83' lang='lat' dir='ltr'>metelli</span> <span class='ocrx_word' id='word_1_245' title='bbox 1347 2505 1422 2553; x_wconf 84' lang='lat' dir='ltr'>sunt</span> <span class='ocrx_word' id='word_1_246' title='bbox 1443 2493 1611 2557; x_wconf 81' lang='lat' dir='ltr'>tenuioris.</span> <span class='ocrx_word' id='word_1_247' title='bbox 1655 2497 1892 2576; x_wconf 78' lang='lat' dir='ltr'>Nonnunquam</span> <span class='ocrx_word' id='word_1_248' title='bbox 1911 2495 1947 2555; x_wconf 82' lang='lat' dir='ltr'>ti·</span> 
     </span>
     <span class='ocr_line' id='line_1_45' title="bbox 1204 2595 1946 2679; baseline 0.004 -24"><span class='ocrx_word' id='word_1_249' title='bbox 1204 2615 1305 2676; x_wconf 76' lang='lat' dir='ltr'>gntae</span> <span class='ocrx_word' id='word_1_250' title='bbox 1341 2607 1429 2656; x_wconf 90' lang='lat' dir='ltr'>totae</span> <span class='ocrx_word' id='word_1_251' title='bbox 1466 2595 1643 2658; x_wconf 82' lang='lat' dir='ltr'>introrsum</span> <span class='ocrx_word' id='word_1_252' title='bbox 1681 2596 1828 2679; x_wconf 85' lang='lat' dir='ltr'>sculptas</span> <span class='ocrx_word' id='word_1_253' title='bbox 1863 2611 1946 2658; x_wconf 86' lang='lat' dir='ltr'>sont.</span> 
     </span>
     <span class='ocr_line' id='line_1_46' title="bbox 1202 2694 1947 2783; baseline 0.005 -25"><span class='ocrx_word' id='word_1_254' title='bbox 1202 2694 1400 2780; x_wconf 77' lang='lat' dir='ltr'>Huiusmodi</span> <span class='ocrx_word' id='word_1_255' title='bbox 1422 2711 1496 2760; x_wconf 89' lang='lat' dir='ltr'>sunt</span> <span class='ocrx_word' id='word_1_256' title='bbox 1513 2698 1619 2774; x_wconf 88' lang='lat' dir='ltr'>numi,</span> <span class='ocrx_word' id='word_1_257' title='bbox 1643 2719 1723 2783; x_wconf 88' lang='lat' dir='ltr'>quos</span> <span class='ocrx_word' id='word_1_258' title='bbox 1741 2697 1947 2762; x_wconf 74' lang='lat' dir='ltr'>recitabimus</span> 
     </span>
     <span class='ocr_line' id='line_1_47' title="bbox 1204 2797 1945 2886; baseline 0.005 -26"><span class='ocrx_word' id='word_1_259' title='bbox 1204 2797 1289 2863; x_wconf 84' lang='lat' dir='ltr'>inira</span> <span class='ocrx_word' id='word_1_260' title='bbox 1318 2799 1423 2880; x_wconf 87' lang='lat' dir='ltr'>capite</span> <span class='ocrx_word' id='word_1_261' title='bbox 1448 2803 1504 2864; x_wconf 85' lang='lat' dir='ltr'>tlt.</span> <span class='ocrx_word' id='word_1_262' title='bbox 1535 2797 1565 2886; x_wconf 63' lang='lat' dir='ltr'>d.</span> <span class='ocrx_word' id='word_1_263' title='bbox 1585 2810 1607 2876; x_wconf 71' lang='lat'>4</span> <span class='ocrx_word' id='word_1_264' title='bbox 1630 2800 1662 2860; x_wconf 90' lang='lat' dir='ltr'>in</span> <span class='ocrx_word' id='word_1_265' title='bbox 1690 2801 1945 2865; x_wconf 84' lang='lat' dir='ltr'>Decursionibus</span> 
     </span>
    </p>
   </div>
   <div class='ocr_carea' id='block_1_15' title="bbox 1203 2900 1947 3082">
    <p class='ocr_par' dir='ltr' id='par_1_21' title="bbox 1203 2900 1947 3082">
     <span class='ocr_line' id='line_1_48' title="bbox 1204 2900 1947 2982; baseline 0 -18"><span class='ocrx_word' id='word_1_266' title='bbox 1204 2901 1265 2964; x_wconf 88' lang='lat' dir='ltr'>snb</span> <span class='ocrx_word' id='word_1_267' title='bbox 1296 2901 1558 2976; x_wconf 79' lang='lat' dir='ltr'>TOXXOTES,</span> <span class='ocrx_word' id='word_1_268' title='bbox 1594 2900 1788 2982; x_wconf 82' lang='lat' dir='ltr'>COSMVS,</span> <span class='ocrx_word' id='word_1_269' title='bbox 1819 2916 1852 2965; x_wconf 91' lang='lat' dir='ltr'>et</span> <span class='ocrx_word' id='word_1_270' title='bbox 1879 2903 1947 2964; x_wconf 82' lang='lat' dir='ltr'>st:-</span> 
     </span>
     <span class='ocr_line' id='line_1_49' title="bbox 1203 3005 1947 3082; baseline 0.001 -17"><span class='ocrx_word' id='word_1_271' title='bbox 1203 3005 1395 3082; x_wconf 81' lang='lat' dir='ltr'>LEVCVS,</span> <span class='ocrx_word' id='word_1_272' title='bbox 1417 3005 1561 3066; x_wconf 88' lang='lat' dir='ltr'>immisso</span> <span class='ocrx_word' id='word_1_273' title='bbox 1585 3005 1681 3067; x_wconf 89' lang='lat' dir='ltr'>etiam</span> <span class='ocrx_word' id='word_1_274' title='bbox 1707 3005 1740 3065; x_wconf 92' lang='lat' dir='ltr'>in</span> <span class='ocrx_word' id='word_1_275' title='bbox 1765 3025 1876 3068; x_wconf 79' lang='lat' dir='ltr'>curum</span> <span class='ocrx_word' id='word_1_276' title='bbox 1898 3025 1947 3067; x_wconf 82' lang='lat' dir='ltr'>sr-</span> 
     </span>
    </p>
   </div>
   <div class='ocr_carea' id='block_1_16' title="bbox 306 3103 2115 4416">
    <p class='ocr_par' dir='ltr' id='par_1_22' title="bbox 306 3103 2115 4416">
     <span class='ocr_line' id='line_1_50' title="bbox 334 3103 1944 3197; baseline -0.004 -23"><span class='ocrx_word' id='word_1_277' title='bbox 334 3145 339 3156; x_wconf 80' lang='lat'><em>=</em></span> <span class='ocrx_word' id='word_1_278' title='bbox 397 3125 496 3197; x_wconf 86' lang='lat' dir='ltr'>ptum·</span> <span class='ocrx_word' id='word_1_279' title='bbox 513 3108 625 3192; x_wconf 87' lang='lat' dir='ltr'>reperi</span> <span class='ocrx_word' id='word_1_280' title='bbox 643 3107 734 3189; x_wconf 82' lang='lat' dir='ltr'>juxta</span> <span class='ocrx_word' id='word_1_281' title='bbox 758 3125 1004 3189; x_wconf 80' lang='lat' dir='ltr'>monogramma</span> <span class='ocrx_word' id='word_1_282' title='bbox 1024 3103 1147 3167; x_wconf 85' lang='lat' dir='ltr'>Christi</span> <span class='ocrx_word' id='word_1_283' title='bbox 1205 3121 1320 3192; x_wconf 82' lang='lat' dir='ltr'>gento,</span> <span class='ocrx_word' id='word_1_284' title='bbox 1343 3127 1385 3169; x_wconf 88' lang='lat' dir='ltr'>eo</span> <span class='ocrx_word' id='word_1_285' title='bbox 1401 3104 1516 3180; x_wconf 87' lang='lat' dir='ltr'>modo,</span> <span class='ocrx_word' id='word_1_286' title='bbox 1539 3103 1770 3192; x_wconf 76' lang='lat' dir='ltr'>utmox§.11.</span> <span class='ocrx_word' id='word_1_287' title='bbox 1790 3105 1944 3171; x_wconf 83' lang='lat' dir='ltr'>dixeram.</span> 
     </span>
     <span class='ocr_line' id='line_1_51' title="bbox 306 3203 1946 3296; baseline -0.003 -20"><span class='ocrx_word' id='word_1_288' title='bbox 306 3277 315 3286; x_wconf 76' lang='grc'><strong><em>,</em></strong></span> <span class='ocrx_word' id='word_1_289' title='bbox 399 3229 433 3276; x_wconf 90' lang='lat' dir='ltr'>et</span> <span class='ocrx_word' id='word_1_290' title='bbox 447 3213 575 3296; x_wconf 79' lang='lat' dir='ltr'>palmae</span> <span class='ocrx_word' id='word_1_291' title='bbox 589 3203 714 3272; x_wconf 73' lang='lat' dir='ltr'>ram&#39;um</span> <span class='ocrx_word' id='word_1_292' title='bbox 730 3208 764 3270; x_wconf 90' lang='lat' dir='ltr'>in</span> <span class='ocrx_word' id='word_1_293' title='bbox 778 3207 1028 3284; x_wconf 71' lang='lat' dir='ltr'>herinaceum,</span> <span class='ocrx_word' id='word_1_294' title='bbox 1050 3225 1146 3289; x_wconf 85' lang='lat' dir='ltr'>quam</span> <span class='ocrx_word' id='word_1_295' title='bbox 1204 3213 1267 3274; x_wconf 81' lang='lat' dir='ltr'>Ars</span> <span class='ocrx_word' id='word_1_296' title='bbox 1296 3209 1329 3270; x_wconf 90' lang='lat' dir='ltr'>iu</span> <span class='ocrx_word' id='word_1_297' title='bbox 1359 3207 1428 3285; x_wconf 89' lang='lat' dir='ltr'>his,</span> <span class='ocrx_word' id='word_1_298' title='bbox 1459 3208 1492 3270; x_wconf 78' lang='lat' dir='ltr'>si·</span> <span class='ocrx_word' id='word_1_299' title='bbox 1520 3207 1657 3290; x_wconf 88' lang='lat' dir='ltr'>optima,</span> <span class='ocrx_word' id='word_1_300' title='bbox 1689 3207 1946 3274; x_wconf 81' lang='lat' dir='ltr'>mediocritatem</span> 
     </span>
     <span class='ocr_line' id='line_1_52' title="bbox 400 3309 1947 3405; baseline -0.003 -27"><span class='ocrx_word' id='word_1_301' title='bbox 400 3314 503 3404; x_wconf 79' lang='lat' dir='ltr'>edidit</span> <span class='ocrx_word' id='word_1_302' title='bbox 521 3313 698 3396; x_wconf 79' lang='lat' dir='ltr'>Pignorius</span> <span class='ocrx_word' id='word_1_303' title='bbox 716 3312 749 3372; x_wconf 91' lang='lat' dir='ltr'>in</span> <span class='ocrx_word' id='word_1_304' title='bbox 767 3332 827 3374; x_wconf 88' lang='lat' dir='ltr'>suo</span> <span class='ocrx_word' id='word_1_305' title='bbox 849 3311 891 3374; x_wconf 89' lang='lat' dir='ltr'>de</span> <span class='ocrx_word' id='word_1_306' title='bbox 910 3309 1013 3374; x_wconf 86' lang='lat' dir='ltr'>serris</span> <span class='ocrx_word' id='word_1_307' title='bbox 1033 3326 1146 3389; x_wconf 82' lang='lat' dir='ltr'>opere.</span> <span class='ocrx_word' id='word_1_308' title='bbox 1204 3331 1270 3374; x_wconf 93' lang='lat' dir='ltr'>non</span> <span class='ocrx_word' id='word_1_309' title='bbox 1299 3321 1442 3397; x_wconf 85' lang='lat' dir='ltr'>superat.</span> <span class='ocrx_word' id='word_1_310' title='bbox 1486 3309 1592 3392; x_wconf 82' lang='lat' dir='ltr'>Saepe</span> <span class='ocrx_word' id='word_1_311' title='bbox 1615 3329 1696 3405; x_wconf 88' lang='lat' dir='ltr'>opus</span> <span class='ocrx_word' id='word_1_312' title='bbox 1720 3309 1819 3388; x_wconf 90' lang='lat' dir='ltr'>rude,</span> <span class='ocrx_word' id='word_1_313' title='bbox 1843 3325 1876 3375; x_wconf 91' lang='lat' dir='ltr'>et</span> <span class='ocrx_word' id='word_1_314' title='bbox 1900 3313 1947 3374; x_wconf 88' lang='lat' dir='ltr'>in·</span> 
     </span>
     <span class='ocr_line' id='line_1_53' title="bbox 400 3409 1947 3510; baseline 0 -32"><span class='ocrx_word' id='word_1_315' title='bbox 400 3417 512 3510; x_wconf 75' lang='lat' dir='ltr'>Quare</span> <span class='ocrx_word' id='word_1_316' title='bbox 538 3435 611 3478; x_wconf 88' lang='lat' dir='ltr'>com</span> <span class='ocrx_word' id='word_1_317' title='bbox 635 3413 698 3477; x_wconf 85' lang='lat' dir='ltr'>bne</span> <span class='ocrx_word' id='word_1_318' title='bbox 719 3415 835 3476; x_wconf 80' lang='lat' dir='ltr'>literae</span> <span class='ocrx_word' id='word_1_319' title='bbox 860 3415 927 3478; x_wconf 79' lang='grc' dir='ltr'>ΕΡ.</span> <span class='ocrx_word' id='word_1_320' title='bbox 953 3411 1003 3475; x_wconf 80' lang='lat' dir='ltr'>rel</span> <span class='ocrx_word' id='word_1_321' title='bbox 1026 3409 1093 3472; x_wconf 88' lang='lat' dir='ltr'>PE.</span> <span class='ocrx_word' id='word_1_322' title='bbox 1113 3411 1147 3470; x_wconf 92' lang='lat' dir='ltr'>in</span> <span class='ocrx_word' id='word_1_323' title='bbox 1206 3411 1334 3479; x_wconf 83' lang='lat' dir='ltr'>doctum</span> <span class='ocrx_word' id='word_1_324' title='bbox 1354 3433 1482 3478; x_wconf 82' lang='lat' dir='ltr'>menum</span> <span class='ocrx_word' id='word_1_325' title='bbox 1502 3411 1708 3496; x_wconf 81' lang='lat' dir='ltr'>profitentur.</span> <span class='ocrx_word' id='word_1_326' title='bbox 1751 3413 1856 3496; x_wconf 87' lang='lat' dir='ltr'>Hujus</span> <span class='ocrx_word' id='word_1_327' title='bbox 1876 3433 1947 3480; x_wconf 87' lang='lat' dir='ltr'>ceu·</span> 
     </span>
     <span class='ocr_line' id='line_1_54' title="bbox 400 3513 1946 3602; baseline 0 -21"><span class='ocrx_word' id='word_1_328' title='bbox 400 3519 466 3581; x_wconf 93' lang='lat' dir='ltr'>boc</span> <span class='ocrx_word' id='word_1_329' title='bbox 488 3529 699 3579; x_wconf 84' lang='lat' dir='ltr'>monumento</span> <span class='ocrx_word' id='word_1_330' title='bbox 723 3515 899 3597; x_wconf 76' lang='lat' dir='ltr'>jungantur</span> <span class='ocrx_word' id='word_1_331' title='bbox 925 3533 1000 3578; x_wconf 81' lang='lat' dir='ltr'>cunt</span> <span class='ocrx_word' id='word_1_332' title='bbox 1021 3513 1147 3596; x_wconf 87' lang='lat' dir='ltr'>palmae</span> <span class='ocrx_word' id='word_1_333' title='bbox 1188 3537 1241 3602; x_wconf 70' lang='lat' dir='ltr'>¹ss</span> <span class='ocrx_word' id='word_1_334' title='bbox 1276 3513 1426 3579; x_wconf 86' lang='lat' dir='ltr'>ruditatis</span> <span class='ocrx_word' id='word_1_335' title='bbox 1463 3513 1593 3578; x_wconf 83' lang='lat' dir='ltr'>ridetur</span> <span class='ocrx_word' id='word_1_336' title='bbox 1620 3515 1848 3594; x_wconf 86' lang='lat' dir='ltr'>Baudelotius&#39;,</span> <span class='ocrx_word' id='word_1_337' title='bbox 1886 3517 1946 3582; x_wconf 87' lang='lat' dir='ltr'>etsi</span> 
     </span>
     <span class='ocr_line' id='line_1_55' title="bbox 400 3613 1957 3702; baseline -0.001 -20"><span class='ocrx_word' id='word_1_338' title='bbox 400 3637 508 3692; x_wconf 86' lang='lat' dir='ltr'>ramo,</span> <span class='ocrx_word' id='word_1_339' title='bbox 529 3619 561 3678; x_wconf 90' lang='lat' dir='ltr'>in</span> <span class='ocrx_word' id='word_1_340' title='bbox 580 3615 688 3679; x_wconf 84' lang='lat' dir='ltr'>multis</span> <span class='ocrx_word' id='word_1_341' title='bbox 710 3636 790 3680; x_wconf 85' lang='lat' dir='ltr'>vero</span> <span class='ocrx_word' id='word_1_342' title='bbox 810 3613 1022 3679; x_wconf 87' lang='lat' dir='ltr'>conturniatis</span> <span class='ocrx_word' id='word_1_343' title='bbox 1038 3613 1146 3690; x_wconf 73' lang='lat' dir='ltr'>inbu-</span> <span class='ocrx_word' id='word_1_344' title='bbox 1202 3635 1395 3702; x_wconf 82' lang='lat' dir='ltr'>perperam,</span> <span class='ocrx_word' id='word_1_345' title='bbox 1418 3616 1512 3680; x_wconf 90' lang='lat' dir='ltr'>binos</span> <span class='ocrx_word' id='word_1_346' title='bbox 1537 3615 1731 3700; x_wconf 78' lang='lat' dir='ltr'>Metropolis</span> <span class='ocrx_word' id='word_1_347' title='bbox 1755 3617 1865 3681; x_wconf 87' lang='lat' dir='ltr'>Ioniae</span> <span class='ocrx_word' id='word_1_348' title='bbox 1890 3641 1957 3682; x_wconf 88' lang='lat' dir='ltr'>nu··</span> 
     </span>
     <span class='ocr_line' id='line_1_56' title="bbox 400 3713 1943 3804; baseline 0.001 -21"><span class='ocrx_word' id='word_1_349' title='bbox 400 3721 452 3804; x_wconf 88' lang='lat' dir='ltr'>jus</span> <span class='ocrx_word' id='word_1_350' title='bbox 479 3716 561 3781; x_wconf 83' lang='lat' dir='ltr'>rami</span> <span class='ocrx_word' id='word_1_351' title='bbox 591 3719 680 3780; x_wconf 79' lang='lat' dir='ltr'>vices</span> <span class='ocrx_word' id='word_1_352' title='bbox 710 3715 903 3795; x_wconf 83' lang='lat' dir='ltr'>succedant,</span> <span class='ocrx_word' id='word_1_353' title='bbox 944 3716 1062 3800; x_wconf 88' lang='lat' dir='ltr'>conjici</span> <span class='ocrx_word' id='word_1_354' title='bbox 1090 3735 1146 3802; x_wconf 89' lang='lat' dir='ltr'>po·</span> <span class='ocrx_word' id='word_1_355' title='bbox 1204 3737 1274 3782; x_wconf 89' lang='lat' dir='ltr'>mos</span> <span class='ocrx_word' id='word_1_356' title='bbox 1293 3718 1439 3784; x_wconf 83' lang='lat' dir='ltr'>Graecos</span> <span class='ocrx_word' id='word_1_357' title='bbox 1454 3713 1489 3780; x_wconf 91' lang='lat' dir='ltr'>in</span> <span class='ocrx_word' id='word_1_358' title='bbox 1510 3719 1786 3786; x_wconf 85' lang='lat' dir='ltr'>contomiatorum</span> <span class='ocrx_word' id='word_1_359' title='bbox 1809 3739 1943 3786; x_wconf 88' lang='lat' dir='ltr'>numero</span> 
     </span>
     <span class='ocr_line' id='line_1_57' title="bbox 400 3815 1436 3904; baseline 0 -20"><span class='ocrx_word' id='word_1_360' title='bbox 400 3833 481 3897; x_wconf 85' lang='lat' dir='ltr'>test,</span> <span class='ocrx_word' id='word_1_361' title='bbox 505 3841 559 3882; x_wconf 86' lang='lat' dir='ltr'>ess</span> <span class='ocrx_word' id='word_1_362' title='bbox 584 3815 703 3903; x_wconf 84' lang='lat' dir='ltr'>aliquid</span> <span class='ocrx_word' id='word_1_363' title='bbox 728 3817 766 3879; x_wconf 85' lang='lat' dir='ltr'>ad</span> <span class='ocrx_word' id='word_1_364' title='bbox 791 3818 959 3882; x_wconf 85' lang='lat' dir='ltr'>victoriam</span> <span class='ocrx_word' id='word_1_365' title='bbox 978 3819 1146 3899; x_wconf 87' lang='lat' dir='ltr'>pertinens</span> <span class='ocrx_word' id='word_1_366' title='bbox 1203 3819 1413 3904; x_wconf 73' lang='lat' dir='ltr'>posuisset).</span> <span class='ocrx_word' id='word_1_367' title='bbox 1433 3839 1436 3846; x_wconf 84' lang='lat'>·</span> 
     </span>
     <span class='ocr_line' id='line_1_58' title="bbox 401 3919 673 4005; baseline -0.018 -18"><span class='ocrx_word' id='word_1_368' title='bbox 401 3919 596 4005; x_wconf 77' lang='lat' dir='ltr'>significare.</span> <span class='ocrx_word' id='word_1_369' title='bbox 667 3961 673 3976; x_wconf 86' lang='lat'><strong>·</strong></span> 
     </span>
     <span class='ocr_line' id='line_1_59' title="bbox 524 4025 1942 4112; baseline 0.001 -21"><span class='ocrx_word' id='word_1_370' title='bbox 524 4099 528 4106; x_wconf 55' lang='grc'>,</span> <span class='ocrx_word' id='word_1_371' title='bbox 1265 4025 1320 4092; x_wconf 87' lang='lat' dir='ltr'>vt.</span> <span class='ocrx_word' id='word_1_372' title='bbox 1344 4025 1455 4108; x_wconf 81' lang='lat' dir='ltr'>&#39;I&#39;ypos</span> <span class='ocrx_word' id='word_1_373' title='bbox 1491 4026 1608 4102; x_wconf 87' lang='lat' dir='ltr'>etiam,</span> <span class='ocrx_word' id='word_1_374' title='bbox 1648 4037 1683 4090; x_wconf 88' lang='lat' dir='ltr'>et</span> <span class='ocrx_word' id='word_1_375' title='bbox 1715 4027 1942 4112; x_wconf 77' lang='lat' dir='ltr'>inscriptiones</span> 
     </span>
     <span class='ocr_line' id='line_1_60' title="bbox 465 4119 1945 4215; baseline 0.001 -24"><span class='ocrx_word' id='word_1_376' title='bbox 465 4119 524 4191; x_wconf 76' lang='lat'>11&#39;1.</span> <span class='ocrx_word' id='word_1_377' title='bbox 541 4126 669 4192; x_wconf 84' lang='lat' dir='ltr'>&#39;Omnes</span> <span class='ocrx_word' id='word_1_378' title='bbox 692 4137 765 4187; x_wconf 89' lang='lat' dir='ltr'>sunt</span> <span class='ocrx_word' id='word_1_379' title='bbox 788 4143 830 4187; x_wconf 86' lang='lat' dir='ltr'>ex</span> <span class='ocrx_word' id='word_1_380' title='bbox 852 4143 948 4200; x_wconf 83' lang='lat' dir='ltr'>aere,</span> <span class='ocrx_word' id='word_1_381' title='bbox 971 4141 1077 4210; x_wconf 87' lang='lat' dir='ltr'>eoque</span> <span class='ocrx_word' id='word_1_382' title='bbox 1093 4145 1145 4190; x_wconf 82' lang='lat' dir='ltr'>ra·</span> <span class='ocrx_word' id='word_1_383' title='bbox 1202 4123 1265 4188; x_wconf 91' lang='lat' dir='ltr'>sibi</span> <span class='ocrx_word' id='word_1_384' title='bbox 1291 4127 1443 4210; x_wconf 90' lang='lat' dir='ltr'>proprios</span> <span class='ocrx_word' id='word_1_385' title='bbox 1464 4127 1653 4206; x_wconf 78' lang='lat' dir='ltr'>vendicant,</span> <span class='ocrx_word' id='word_1_386' title='bbox 1682 4130 1741 4192; x_wconf 85' lang='lat' dir='ltr'>sed</span> <span class='ocrx_word' id='word_1_387' title='bbox 1765 4127 1807 4193; x_wconf 91' lang='lat' dir='ltr'>de</span> <span class='ocrx_word' id='word_1_388' title='bbox 1832 4129 1945 4215; x_wconf 89' lang='lat' dir='ltr'>quibus</span> 
     </span>
     <span class='ocr_line' id='line_1_61' title="bbox 401 4225 2115 4383; baseline 0.001 -89"><span class='ocrx_word' id='word_1_389' title='bbox 401 4231 462 4295; x_wconf 88' lang='lat' dir='ltr'>rio.</span> <span class='ocrx_word' id='word_1_390' title='bbox 506 4229 610 4293; x_wconf 77' lang='lat' dir='ltr'>Aurei</span> <span class='ocrx_word' id='word_1_391' title='bbox 639 4227 855 4313; x_wconf 80' lang='lat' dir='ltr'>argenteiqua</span> <span class='ocrx_word' id='word_1_392' title='bbox 886 4225 983 4310; x_wconf 86' lang='lat' dir='ltr'>hujus</span> <span class='ocrx_word' id='word_1_393' title='bbox 1013 4227 1145 4310; x_wconf 77' lang='lat' dir='ltr'>generis</span> <span class='ocrx_word' id='word_1_394' title='bbox 1202 4229 1257 4292; x_wconf 86' lang='lat' dir='ltr'>hic</span> <span class='ocrx_word' id='word_1_395' title='bbox 1283 4249 1348 4292; x_wconf 90' lang='lat' dir='ltr'>non</span> <span class='ocrx_word' id='word_1_396' title='bbox 1371 4250 1450 4314; x_wconf 82' lang='lat' dir='ltr'>ago,</span> <span class='ocrx_word' id='word_1_397' title='bbox 1475 4229 1563 4314; x_wconf 81' lang='lat' dir='ltr'>quod</span> <span class='ocrx_word' id='word_1_398' title='bbox 1587 4249 1701 4296; x_wconf 84' lang='lat' dir='ltr'>eorum</span> <span class='ocrx_word' id='word_1_399' title='bbox 1728 4233 1812 4298; x_wconf 88' lang='lat' dir='ltr'>ratio</span> <span class='ocrx_word' id='word_1_400' title='bbox 1833 4253 1873 4296; x_wconf 84' lang='lat' dir='ltr'>ox</span> <span class='ocrx_word' id='word_1_401' title='bbox 1897 4255 1945 4296; x_wconf 87' lang='lat' dir='ltr'>se·</span> <span class='ocrx_word' id='word_1_402' title='bbox 2109 4262 2115 4383; x_wconf 61' lang='lat' dir='ltr'>p</span> 
     </span>
     <span class='ocr_line' id='line_1_62' title="bbox 399 4330 1530 4416; baseline -0.001 -22"><span class='ocrx_word' id='word_1_403' title='bbox 399 4330 514 4415; x_wconf 74' lang='lat' dir='ltr'>ignoti,</span> <span class='ocrx_word' id='word_1_404' title='bbox 597 4363 604 4372; x_wconf 90' lang='lat'><strong>·</strong></span> <span class='ocrx_word' id='word_1_405' title='bbox 1203 4330 1376 4416; x_wconf 77' lang='lat' dir='ltr'>questibus</span> <span class='ocrx_word' id='word_1_406' title='bbox 1398 4333 1530 4414; x_wconf 88' lang='lat' dir='ltr'>patebit.</span> 
     </span>
    </p>
   </div>
   <div class='ocr_carea' id='block_1_17' title="bbox 383 4713 1729 4822">
    <p class='ocr_par' dir='ltr' id='par_1_23' title="bbox 383 4713 1729 4822">
     <span class='ocr_line' id='line_1_63' title="bbox 383 4713 1729 4822; baseline 0.005 -26"><span class='ocrx_word' id='word_1_407' title='bbox 383 4738 385 4753; x_wconf 86' lang='lat'>&#39;</span> <span class='ocrx_word' id='word_1_408' title='bbox 439 4747 468 4813; x_wconf 81' lang='lat' dir='ltr'>a)</span> <span class='ocrx_word' id='word_1_409' title='bbox 490 4723 840 4802; x_wconf 70' lang='lat' dir='ltr'>ttiscett.·0bsn·v.&#39;anni</span> <span class='ocrx_word' id='word_1_410' title='bbox 862 4745 943 4810; x_wconf 79' lang='lat'>1736,</span> <span class='ocrx_word' id='word_1_411' title='bbox 963 4761 1031 4819; x_wconf 81' lang='lat' dir='ltr'>pag.</span> <span class='ocrx_word' id='word_1_412' title='bbox 1051 4753 1112 4806; x_wconf 71' lang='lat'>137.</span> <span class='ocrx_word' id='word_1_413' title='bbox 1215 4713 1303 4816; x_wconf 45' lang='lat' dir='ltr'>b)lss.</span> <span class='ocrx_word' id='word_1_414' title='bbox 1323 4743 1353 4800; x_wconf 82' lang='lat' dir='ltr'>L.</span> <span class='ocrx_word' id='word_1_415' title='bbox 1373 4743 1456 4802; x_wconf 83' lang='lat' dir='ltr'>Turn.</span> <span class='ocrx_word' id='word_1_416' title='bbox 1476 4743 1525 4802; x_wconf 88' lang='lat' dir='ltr'>Ill.</span> <span class='ocrx_word' id='word_1_417' title='bbox 1546 4751 1729 4822; x_wconf 71' lang='lat' dir='ltr'>pag.251.&#39;</span> 
     </span>
    </p>
   </div>
   <div class='ocr_carea' id='block_1_18' title="bbox 0 0 2140 5502">
    <p class='ocr_par' dir='ltr' id='par_1_24' title="bbox 0 0 2140 5502">
     <span class='ocr_line' id='line_1_64' title="bbox 0 0 2140 5502; baseline 0 0"><span class='ocrx_word' id='word_1_418' title='bbox 0 0 2140 5502; x_wconf 95' lang='lat' dir='ltr'> </span> 
     </span>
    </p>
   </div>
  </div>
 </body>
</html>
