4226 5500
437 597 472 647 rr
883 571 1150 656 NOTITIA
1180 572 1525 650 munsterus

441 755 535 838 ηδε
558 771 676 850 usque
695 747 742 826 ad
763 745 837 822 An·
850 761 942 830 tttt
965 745 1148 846 poeticum
1169 761 1207 822 et
1226 743 1446 822 rhetoricam
1465 733 1684 822 tradendum
1703 739 1886 843 suscepit,
1927 765 1972 816 eo

441 884 589 986 quidem
610 879 802 984 profectu,
829 897 870 954 ut
887 879 983 955 inter
1008 880 1207 981 discipulos
1224 881 1440 955 exsisterent
1456 876 1661 980 complures
1671 927 1684 967 ,
1706 877 1770 976 qui
1788 892 1919 977 postes
1934 873 1973 949 in

437 1019 628 1094 literatura
649 1014 859 1116 germanica
879 1031 1110 1114 praestantes
1130 1015 1328 1114 scriptores
1350 1013 1576 1113 induruere,
1601 1037 1799 1112 equorum
1822 1035 1971 1098 numere

438 1154 634 1228 Ioannes
655 1148 920 1250 Baptslxin
929 1175 1008 1250 ger
1017 1205 1029 1241 ,
1056 1158 1167 1252 poeta
1185 1147 1366 1248 egregius,
1389 1147 1473 1236 fuit,
1499 1147 1576 1246 qui,
1601 1163 1644 1220 ut
1663 1147 1836 1250 magistro
1852 1142 1971 1246 impri-

438 1285 508 1360 mis
525 1310 645 1374 carus,
667 1283 719 1358 ita
734 1281 940 1384 gratissimo
959 1281 1082 1358 subus
1094 1305 1240 1383 semper
1258 1281 1293 1356 ei
1310 1281 1500 1356 devinctus
1518 1295 1606 1372 erat,
1631 1279 1770 1380 quippe
1787 1278 1853 1378 qui
1872 1278 1971 1377 inge·

437 1443 513 1492 nue
529 1417 728 1508 fateretur,
754 1416 936 1518 quidquid
955 1417 1084 1492 virium
1105 1417 1144 1488 in
1160 1441 1201 1492 se
1223 1432 1343 1506 esset,
1365 1414 1531 1517 quidque
1550 1414 1591 1487 in
1609 1413 1723 1488 literis
1742 1411 1971 1513 profecisset,

437 1553 478 1628 id
509 1552 659 1628 omnino
689 1551 817 1628 deberi
841 1553 1015 1651 magistro
1048 1564 1116 1628 suo
1148 1549 1360 1626 doctissimo
1390 1548 1585 1650 eidemque
1610 1546 1883 1624 humanissimo.
1917 1547 1970 1618 Eo

334 1771 341 1782 ι
438 1687 615 1785 temporis
643 1687 761 1786 spatio
781 1685 1135 1786 Eclsheleomplura
1163 1711 1279 1785 opers
1303 1681 1490 1756 inlucem
1523 1681 1659 1774 edidit,
1685 1683 1819 1781 quibus
1837 1705 1969 1754 nomen

436 1819 596 1894 suumin
616 1819 810 1919 republica
829 1819 989 1894 literaria
1010 1819 1125 1918 magis
1142 1819 1331 1918 magisque
1342 1814 1778 1916 inclarescebst..Quippe
1792 1817 1866 1888 An.
1880 1819 1965 1896 1168

438 1951 657 2054 perelegans
690 1979 838 2028 carmen
862 1953 897 2050 ι)
926 1953 966 2025 in
994 1953 1131 2028 abitum
1156 1953 1292 2026 Mariae
1313 1949 1531 2040 Cerelinae,
1560 1949 1825 2024 serenissimae
1844 1945 1968 2021 drobi·

437 2085 542 2161 ducis
560 2087 750 2175 Austriae,
776 2085 902 2186 lingue
923 2085 1120 2164 vernacule
1145 2085 1332 2174 condidit,
1358 2101 1396 2158 et
1425 2083 1569 2158 duobus
1597 2081 1703 2156 annis
1730 2097 1816 2182 post
1841 2079 1967 2154 eratio-

436 2245 522 2295 nem
548 2219 783 2318 eloquentiae
806 2219 952 2319 plenam
974 2220 1021 2294 de
1046 2219 1242 2294 itineribus
1264 2245 1285 2292 a
1305 2217 1469 2318 Josepbo
1487 2219 1531 2290 11.
1554 2242 1622 2316 per
1642 2215 1782 2290 ltaliam
1802 2211 1966 2287 institutis

436 2352 477 2425 in
506 2351 626 2425 lucem
655 2351 807 2452 protulit
833 2351 886 2450 b).
931 2355 1071 2428 Eodem
1102 2371 1268 2452 tempore
1301 2368 1340 2425 et
1367 2349 1664 2427 commentarium
1690 2349 1965 2424 Grammaticum

434 2484 473 2556 in
494 2483 708 2583 prophetias
723 2484 843 2581 Hagei
859 2485 1070 2584 publicavit.
1108 2485 1211 2586 Quae
1232 2502 1355 2558 tamen
1374 2484 1495 2593 studia
1515 2483 1625 2582 louge
1647 2483 1767 2558 aliens
1795 2499 1896 2554 erant
1920 2481 1961 2555 sb

312 2630 318 2644 '
433 2615 480 2690 iis
488 2667 501 2706 ,
538 2615 673 2714 quibus
702 2633 852 2714 postero
888 2629 1055 2718 tempore
1092 2617 1251 2692 nominis
1288 2615 1594 2733 immortalitqtcm
1622 2633 1871 2714 consequutus
1900 2632 1960 2703 est,
2092 2667 2093 2698 ,

436 2749 567 2822 studiis
590 2747 732 2823 scilieet
751 2747 805 2821 rei
824 2752 1033 2840 numeriae,
1059 2753 1165 2852 cujus
1195 2767 1233 2824 et
1256 2775 1341 2825 vera
1369 2749 1549 2850 principia
1578 2751 1716 2850 primus
1745 2749 1905 2850 aperuit,
1927 2764 1960 2821 et

437 2881 614 2955 terminos
639 2880 751 2980 longe
779 2885 970 2981 promovit.
1006 2887 1061 2960 Es
1084 2885 1203 2959 studit
1223 2883 1365 2958 Ecbhel
1389 2901 1478 2958 tunc
1504 2885 1679 2984 temporis
1704 2883 1889 2984 amplexus
1911 2897 1959 2987 est

439 3031 691 3106 tantoamore,
717 3031 759 3088 ut
779 3017 959 3116 quidquid
980 3019 1046 3092 otii
1062 3046 1084 3092 s
1100 3019 1259 3118 negotiis
1276 3017 1505 3092 scholasticis
1519 3033 1749 3118 superesset,
1773 3017 1828 3120 rei
1846 3041 1958 3090 nume·

437 3147 514 3222 r'iae
534 3147 737 3222 adhiberet.
762 3151 892 3249 ltaque
910 3151 1012 3225 brevi
1027 3169 1168 3225 tentum
1182 3151 1360 3251 profecit,
1385 3167 1427 3252 ut
1442 3154 1514 3228 An.
1532 3169 1638 3241 mo,
1662 3150 1808 3234 solenni
1828 3148 1956 3250 profes·

435 3279 542 3354 sione
560 3305 626 3353 sua
649 3279 778 3353 Ordini
794 3283 1009 3357 Iesuitarum
1026 3284 1211 3374 addictus,
1248 3310 1337 3384 prae
1360 3285 1492 3358 ceteris
1519 3283 1665 3358 babitus
1694 3283 1806 3357 fuerit
1826 3283 1955 3382 dignus,

435 3414 501 3514 qui
517 3413 656 3503 celebri
673 3413 832 3506 Itheltio,
852 3418 1026 3516 magistro
1047 3443 1126 3508 suo,
1153 3405 1250 3494 circa
1273 3419 1345 3492 hos
1363 3433 1506 3518 tempus
1529 3417 1719 3510 defuncto,
1746 3419 1956 3524 Custosnu·

434 3572 575 3620 morum
592 3547 631 3618 in
650 3549 827 3634 societate
850 3551 1067 3626 exstantium
1085 3523 1312 3629 succederet.

530 3683 587 3769 Is,
613 3705 695 3754 cum
719 3697 816 3757 totas
833 3685 1127 3784 Archaeologiae
1145 3685 1276 3760 studiis
1297 3685 1460 3778 deditus,
1486 3713 1528 3764 ec
1547 3685 1586 3759 in
1613 3685 1713 3761 omni
1737 3710 1875 3784 genere
1895 3679 1958 3758 die·

432 3809 668 3913 e'iplinarum,
695 3841 790 3912 qnae
808 3817 856 3892 ed
874 3815 967 3891 baeu
989 3819 1109 3894 studia
1131 3843 1197 3892 sus
1218 3819 1342 3894 lacere
1369 3819 1599 3909 viderentur,
1624 3818 1788 3920 apprime
1806 3821 1959 3896 versatus

432 3963 551 4035 esset,
575 3946 784 4020 incredibili
804 3949 1005 4050 cupiditate
1025 3953 1291 4027 incendebatur
1307 3952 1433 4027 Itsliae
1451 3953 1623 4028 visendae
1640 3971 1793 4060 propter
1808 3975 1960 4062 summos

431 4079 658 4178 antiquitatis
678 4081 869 4158 thesauros
891 4085 944 4159 ibi
964 4087 1188 4162 reconditos.
1223 4089 1379 4182 Demum
1396 4087 1468 4162 An.
1484 4105 1599 4180 1770,
1618 4106 1813 4190 postquam
1837 4088 1876 4160 id
1901 4085 1960 4159 ob·

429 4213 682 4303 tinuisset,⁴ut
700 4217 854 4314 Romam
867 4219 1082 4311 mitteretur,
1107 4221 1299 4320 profectus
1316 4237 1374 4296 est
1398 4213 1720 4321 menscAugusto,
1746 4239 1785 4296 et
1808 4213 1859 4294 in
1873 4219 1960 4295 clas·

335 4375 340 4380 ·
428 4345 505 4420 sica
531 4363 628 4420 terra
643 4347 769 4423 Italiae
789 4377 867 4424 non
891 4369 1032 4460 tantum
1051 4354 1259 4429 eruditione
1278 4379 1345 4428 sus
1364 4353 1484 4464 smpla
1503 4372 1541 4428 et
1564 4355 1681 4429 solida
1705 4356 1893 4429 maximam
1909 4351 1962 4460 sui
2088 4425 2089 4462 ἲ

429 4477 731 4554 existimationem
750 4482 1068 4578 excitavissent
1086 4487 1497 4586 ingenuocandidoque
1518 4489 1640 4563 animo
1652 4487 1761 4564 facile
1783 4487 1856 4562 sibi
1878 4513 1962 4561 eon·

463 4735 495 4806 a)
515 4735 646 4882 &vedirht
664 4742 720 4897 qul
735 4742 784 4801 die
802 4745 927 4804 Abrsisa
947 4747 969 4806 Ι,
985 4745 1021 4804 K.
1035 4747 1074 4806 ti.
1090 4749 1202 4807 ldarien
1219 4747 1410 4822 Chelonen,
1434 4749 1655 4828 Enbemnginn
1678 4767 1738 4810 von
1762 4747 1959 4808 Oestcrreicb.

556 4849 618 4898 ren,
631 4845 662 4896 t?
682 4845 699 4898 8
714 4839 745 4894 in
759 4849 818 4902 evo.
1075 4859 1080 4868 ’
1811 4851 1817 4862 ·

463 4921 496 4996 b)
514 4921 598 4983 liede
612 4929 666 4984 aus
677 4929 725 4988 dis
740 4931 827 4992 Reisc
838 4937 965 5016 Jesepbs
979 4937 1016 4999 11.
1032 4938 1062 4998 in
1077 4939 1192 5000 Itslien.
1216 4941 1305 5002 Wieu
1320 4953 1412 5014 llll),
1424 4941 1454 5000 in
1469 4951 1530 5008 8'0.
