4244 5484
311 533 327 572 .
410 483 482 560 432
1049 461 1244 540 CAPVT
1279 461 1327 536 X.

284 673 291 686 ·
414 654 531 742 cuique
549 643 762 718 stabiliendae
784 643 952 728 Elagabali
976 644 1154 709 nutriente
1213 645 1338 719 Dione,
1359 657 1396 708 ut
1411 643 1558 723 sidirons,
1580 659 1723 724 constat,
1741 647 1955 734 Elagabalusn

415 775 529 820 omncs
541 752 623 816 alios
640 747 828 832 cumprimis
846 749 1002 814 sortiunt.
1214 749 1375 812 involasse
1392 749 1423 810 in
1432 749 1568 812 Macrini
1579 749 1791 825 consulatum,
1813 771 1957 834 eumque

694 897 713 936 ,
777 849 797 885 *
860 897 879 935 ,
1213 851 1345 934 jussisse
1361 850 1497 924 aboleri,
1510 851 1553 911 ita
1564 849 1725 912 involasse
1736 851 1873 914 etiamio
1885 852 1958 934 ejus

475 953 678 1024 SeniculiuI.
701 951 877 1022 Valsecltii.
899 955 947 1016 Ea
962 953 994 1014 in
1012 972 1156 1036 pugnum
1215 953 1291 1016 trib.
1314 965 1523 1035 potestatem,
1561 965 1594 1014 et
1621 949 1708 1033 quoti
1734 953 1958 1038 consequitur,

413 1071 578 1126 contracta
602 1057 683 1120 baec
701 1055 868 1138 praecipit.
909 1055 1060 1130 Constat,
1082 1055 1158 1116 Ela-
1214 1076 1288 1120 cum
1302 1051 1958 1136 CaracallscnesusiueritV.C.o7osiie

414 1163 564 1249 gabalum
582 1159 719 1222 Macrini
735 1157 914 1222 momoriae
931 1157 1032 1222 inisse
1054 1155 1157 1218 inlen-
1214 1159 1300 1226 Vlll.
1322 1155 1459 1237 Aprilis,
1482 1157 1520 1219 sb
1537 1155 1654 1218 eodem
1667 1153 1721 1217 die
1739 1169 1889 1240 tanussn
1901 1177 1960 1218 ns·

415 1285 501 1339 suro,
525 1281 620 1346 quem
635 1259 738 1344 ajebat
754 1258 1159 1342 nnllojurcpcharscal-
1215 1259 1272 1324 tali
1302 1258 1432 1339 imperii
1460 1259 1509 1322 sui
1531 1255 1744 1340 Elagabalum
1774 1257 1959 1322 tribunatus

275 1401 281 1414 ι
413 1365 465 1428 lae
485 1383 599 1426 necent
626 1383 797 1446 usurpasse
819 1362 1001 1444 imperium.
1047 1357 1158 1454 Quare
1216 1379 1292 1424 suos
1307 1359 1540 1434 dinumerasse,
1554 1357 1732 1422 secundnm
1744 1361 1959 1444 quamlegesn

413 1487 487 1531 curn
505 1462 590 1526 istud
605 1463 678 1546 jore
695 1464 848 1528 natalium
865 1463 953 1544 (naut
972 1460 1157 1528 caracallae
1216 1463 1395 1526 tribunatus
1418 1461 1489 1552 ejus
1505 1465 1545 1531 V.
1570 1475 1706 1544 coeptus
1730 1462 1818 1528 viti.
1836 1459 1962 1546 Aprilis

416 1591 452 1634 se
466 1567 568 1630 lilium
588 1565 693 1648 palam
711 1565 877 1650 professus
893 1569 958 1645 est)
975 1583 1084 1626 mosa
1105 1585 1159 1646 ps·
1216 1565 1256 1628 V.
1276 1563 1312 1624 C.
1331 1571 1403 1642 974.
1425 1565 1517 1626 Haec
1534 1563 1666 1627 uberius
1681 1563 1910 1647 expositaside
1923 1564 1960 1626 iu
2001 1565 2008 1574 '

361 1663 365 1672 ’
415 1673 474 1736 trie
500 1683 605 1732 morte
624 1667 686 1728 sibi
707 1667 807 1730 fucrit
832 1667 997 1742 debitum,
1026 1665 1076 1749 jus
1099 1664 1160 1728 sibi
1218 1664 1279 1730 tiri
1309 1665 1430 1728 eruditi
1463 1665 1693 1730 dissertatione
1724 1665 1766 1727 tle
1789 1663 1962 1746 Elagsbsli

415 1769 752 1844 natnmexistimavit,
777 1767 1161 1851 quototnntillutltent·
1217 1765 1290 1830 trib.
1313 1780 1383 1849 pet.
1398 1767 1436 1832 V.
1454 1789 1526 1850 pag.
1551 1787 1602 1850 97.
1646 1767 1751 1858 Quam
1774 1768 1903 1831 inliruts
1919 1767 1963 1828 sit

299 1909 304 1920 ·
414 1899 494 1962 pus,
526 1873 613 1962 quod
638 1869 828 1955 impet-undo
855 1871 1019 1932 Macrinus
1038 1869 1160 1953 exegit,
1217 1867 1298 1932 baec
1313 1869 1477 1944 doctrina,
1500 1871 1690 1934 etanntnis
1706 1869 1786 1952 ipsis
1801 1868 1962 1933 continuo

414 1979 453 2044 ad
471 1999 505 2040 aa
525 1989 668 2062 raperet.
714 1971 996 2066 Quemadmodum
1015 1991 1096 2055 crgo
1119 1989 1161 2036 ex
1217 1967 1402 2046 evertatur,
1424 1969 1640 2055 comprobare
1656 1971 1844 2057 aggredior.

882 2287 1091 2366 etayramoa
1111 2285 1288 2346 sansoniae
1312 2269 1506 2348 Volaeclii.¹

432 2561 517 2716 ‘bijo
557 2557 729 2716 l'ffpp'l'fl·
752 2557 789 2617 Ρ·
811 2557 837 2617 ¹·
916 2557 922 2720 i
1089 2559 1110 2726 1
1136 2591 1198 2652 Die
1215 2591 1302 2656 Vlll.
1317 2592 1438 2674 Aprilis
1461 2611 1557 2654 caeso
1580 2589 1756 2655 Carseolis.

451 2779 510 2836 ,71
544 2761 548 2840 Ι
577 2761 727 2840 ateste.
746 2760 783 2818 Ρ.
803 2761 828 2820 t.
846 2761 885 2818 tt.
914 2759 920 2844 t
949 2759 1042 2820 cos.
1100 2761 1106 2844 t

347 2951 356 2964 ,
458 2899 518 2962 ,72
548 2881 554 2964 ι
582 2879 777 2964 martur.
798 2869 1110 2966 tt.11't.1008.11.t

452 3001 514 3082 973
543 2999 548 3084 Ι
576 3003 771 3084 nnol'l'iss'.
782 2999 1110 3084 ttt.1v.1(208.ttt.t

453 3133 515 3204 ort
543 3119 549 3204 t
577 3143 632 3184 aa·
646 3121 728 3204 tun.
743 3121 776 3178 Ρ.
795 3121 851 3186 tv.
869 3119 1024 3203 vieno.
1035 3123 1085 3182 111
1103 3120 1108 3204 Ι

454 3244 518 3322 975
546 3239 551 3324 Ι
580 3239 732 3324 nostru.
747 3239 784 3303 P.
801 3241 841 3306 v.
920 3237 1027 3322 teos.
1045 3237 1113 3324 tut
1140 3241 1202 3302 ota
1259 3243 1282 3306 t.
1305 3241 1413 3303 startia
1436 3209 1583 3304 oleato
1601 3245 1805 3328 ungantur.

456 3591 624 3652 Adversus
652 3586 737 3652 banc
767 3585 947 3650 doctrinam
984 3599 1158 3670 sequentes
1216 3586 1372 3670 potuisse.
1415 3591 1456 3652 At
1475 3613 1537 3675 qus
1556 3592 1962 3660 rationesvalsccbinsex·

419 3691 716 3760 animadversiones
729 3687 901 3788 propalam
919 3703 1073 3772 pugnant.
1216 3689 1349 3770 plicabit
1369 3711 1484 3756 nosnos
1507 3691 1620 3758 obvios
1638 3695 1812 3777 inscriptos
1830 3697 1902 3762 Tit.
1921 3697 1961 3760 P.

481 3793 507 3856 Ι.
539 3793 573 3854 Si
603 3788 798 3874 Elagabalus
836 3787 923 3850 dicto
955 3789 1052 3852 motlb
1083 3787 1157 3850 trib.
1217 3789 1335 3854 COS.?
1357 3791 1479 3856 Audio:
1503 3814 1677 3878 suppressa
1693 3809 1743 3858 est
1758 3809 1835 3860 nnis
1850 3799 1895 3858 11.
1907 3797 1965 3858 tri-

418 3879 610 3982 potestatem
633 3893 855 3976 anticipasset,
880 3889 1060 3952 tribunatus
1084 3889 1160 3950 sim·
1215 3891 1369 3956 bonatuos
1388 3895 1432 3956 ll.
1454 3893 1618 3970 indicans,
1648 3917 1755 3982 neque
1778 3918 1854 3960 raro
1875 3897 1962 3960 isestl

416 3991 932 4085 plcxlocuntionumiababere
956 4003 1159 4078 nonposset.
1217 3995 1250 4056 in
1280 3995 1514 4078 imperatorum
1549 3998 1656 4060 nnmis
1691 3999 1853 4082 exemplo.
1897 4001 1963 4068 Ve-
2066 4021 2070 4026 ’

416 4103 499 4164 Nam
530 4120 605 4164 cum
636 4099 689 4161 hic
725 4117 766 4160 ex
802 4095 990 4178 hypothesi·
1011 4091 1161 4176 cooperit
1217 4115 1289 4157 rum
1318 4095 1404 4156 istud
1432 4113 1505 4164 esto
1533 4099 1567 4160 in
1597 4099 1783 4183 aliquorum
1804 4103 1961 4164 hactenus

414 4198 509 4270 Vlli.
533 4197 655 4282 Aprilis
685 4197 726 4266 V.
749 4199 786 4262 C.
818 4218 900 4280 970,
944 4211 1010 4256 tum
1040 4194 1159 4257 eodem
1216 4197 1450 4280 imperatorum
1467 4200 1591 4276 nemis,
1613 4215 1643 4262 st
1659 4201 1692 4262 in
1715 4201 1961 4286 plerorumque,

418 4299 472 4362 tlie
503 4301 577 4366 anni
606 4321 663 4384 97¹
701 4297 849 4386 coeperit
886 4293 1066 4360 tribunatus
1096 4295 1158 4372 11.,
1215 4298 1393 4384 praecipue
1423 4301 1519 4386 hujus
1544 4303 1679 4378 aetatis,
1714 4301 1812 4366 certe
1831 4303 1961 4383 ialsnnt,

414 4400 485 4488 ipse
502 4419 658 4466 veronen
674 4399 735 4461 nisi
754 4411 826 4484 pont
844 4397 930 4460 diens
951 4398 1043 4466 Vlll·
1062 4395 1163 4482 lunii,¹
1216 4413 1250 4464 et
1278 4401 1467 4483 cumprimis
1496 4403 1684 4485 Elagabali,
1714 4405 1748 4465 in
1777 4405 1869 4489 cujus
1890 4427 1961 4471 mo·

415 4523 534 4585 nempe
557 4515 630 4584 post
648 4501 814 4564 victoriam
839 4501 964 4585 agnitus
987 4495 1158 4560 fueritin·
1214 4514 1309 4576 nete,
1340 4523 1379 4562 ex
1406 4523 1472 4588 qun
1495 4505 1570 4566 trib.
1596 4495 1738 4588 potestas
1760 4505 1875 4574 iterata
1896 4523 1959 4588 esi,

416 4617 565 4685 perator,
596 4601 715 4684 liquet,
748 4622 861 4664 numos
890 4623 962 4664 cunt
993 4599 1157 4662 tribunatu
1214 4603 1285 4688 ejus
1303 4623 1637 4694 numerusnnnquant
1665 4607 1840 4689 omittitur,
1861 4625 1899 4674 nt
1911 4609 1961 4676 in·

414 4703 578 4785 simplice,
601 4705 655 4786 qui
673 4705 735 4786 jons
757 4705 950 4788 exspiravit,
973 4701 1067 4766 feriri
1090 4722 1157 4766 nnn
1214 4718 1325 4790 specta
1344 4725 1472 4786 snusea,
1504 4721 1538 4772 et
1561 4709 1682 4774 sinceri
1701 4710 1841 4796 catalogi
1856 4713 1957 4780 suani·
