4236 5480
423 497 499 580 360
1066 453 1267 568 CAPVT
1300 486 1346 606 tf.

422 677 507 744 oar·
523 677 609 743 no.
622 675 763 742 nomint
778 627 910 762 inpare
924 672 1008 742 aaa·
1025 675 1170 741 aerae.
1286 669 1527 758 voscampo
1543 668 1626 735 aar
1641 665 1807 738 Merac
1825 665 1971 734 anate

423 781 574 866 dissipari
591 780 731 864 turpiter
747 779 780 844 in
797 779 940 860 alienos,
955 775 1034 865 quin
1049 789 1084 846 et
1098 775 1171 844 bar·
1227 773 1394 842 CTIKOC
1411 774 1529 840 dicitur
1546 775 1683 841 loannes
1696 779 1754 847 VI.
1772 775 1973 840 Cautaeuae·

422 881 522 948 barca
543 901 699 968 coepere.
1226 899 1289 945 uus
1300 879 1335 942 in
1347 898 1457 958 numo,
1475 897 1571 964 quan
1585 877 1735 944 dedimus
1747 876 1845 944 altius
1854 897 1890 962 p.
1899 893 1971 957 ¹7⁰·

1086 1197 1330 1229 ...η’-κ..

935 1609 1318 1730 CAPVT
1389 1610 1455 1724 V.

843 1959 927 2024 or
980 1959 1208 2022 erarr
1252 1957 1550 2022 CAPINS

603 2126 1003 2204 Arorrrorrn,
1047 2087 1358 2233 ceresam.
1400 2123 1790 2190 neormam
1867 2219 1873 2227 ι

213 2409 219 2421 “
348 2421 354 2430 ’
421 2369 557 2510 Cultus
584 2409 733 2496 corporis
764 2413 881 2493 totius,
911 2413 1106 2500 habitusque
1134 2415 1169 2475 in
1226 2417 1303 2480 satis
1320 2411 1463 2494 discussa
1477 2409 1522 2476 ab
1538 2409 1599 2489 iis,
1629 2409 1685 2496 qui
1703 2429 1747 2474 ex
1763 2411 1814 2476 his
1832 2415 1970 2500 impera

422 2514 580 2598 Augustis
602 2517 710 2579 varius
730 2515 809 2594 tuit,
839 2528 900 2601 pro
922 2517 1020 2581 variis
1041 2517 1170 2580 scilicet
1226 2529 1334 2580 torum
1362 2516 1486 2580 cultum
1516 2513 1582 2580 sibi
1607 2513 1837 2598 explicandum
1864 2537 1972 2598 sump-

421 2617 630 2694 miniateriis,
654 2619 771 2700 quibus
791 2617 1022 2703 fungebantur.
1058 2620 1168 2683 Fuere
1226 2639 1312 2684 sere.
1354 2620 1399 2682 At
1415 2618 1488 2702 quia
1505 2617 1619 2701 capitis
1635 2615 1739 2679 cultus
1756 2636 1823 2682 nou
1838 2617 1970 2682 aliunde

419 2739 540 2807 nempe
569 2718 732 2804 paludati,
764 2743 838 2786 cum
861 2721 1069 2806 imperatoria
1091 2721 1166 2798 ritu,
1226 2722 1362 2798 melina,
1386 2714 1545 2806 quam'es
1565 2717 1673 2782 nemis
1694 2717 1765 2803 peti
1785 2733 1914 2804 potest,
1937 2721 1969 2781 in

421 2824 576 2908 curisque
618 2821 748 2886 bellicis
790 2825 940 2907 occupati
980 2845 1168 2910 proponun-
1224 2823 1328 2908 liujus·
1349 2823 1519 2905 inquirere
1548 2819 1664 2882 modus
1692 2823 1876 2904 praesentis
1897 2842 1970 2887 essu

419 2935 493 3002 tur,
525 2925 647 3012 togati,
677 2945 752 2988 cum
774 2926 863 3008 pacis
886 2927 996 2990 munia
1017 2927 1167 3003 obicere,
1223 2926 1362 2990 instituti
1383 2925 1480 2988 facile
1501 2921 1720 3006 agnoscimus.
1827 2964 1841 2977 -

422 3027 525 3109 togati
546 3026 730 3110 velutique,
753 3045 827 3089 oum
848 3028 1012 3112 pontilicis
1035 3028 1167 3092 maximi
1289 3030 1418 3092 Corona
1438 3028 1548 3091 laurea
1568 3024 1802 3111 imperatorum
1820 3027 1969 3090 vetustis

420 3129 554 3211 negotia
584 3139 816 3192 tractaverunt.
859 3132 939 3192 Post
969 3114 1166 3208 Gallieno'm,
1225 3129 1324 3192 simos
1348 3131 1474 3204 cultus,
1497 3127 1571 3213 quis
1590 3125 1654 3207 jam
1673 3131 1697 3188 'a
1720 3125 1803 3189 lulio
1828 3127 1970 3192 Caesare

419 3231 495 3316 quia
514 3251 589 3295 rara
609 3229 674 3314 jam
699 3243 768 3292 tum
790 3229 831 3292 ab
859 3232 958 3294 armis
980 3233 1072 3318 quies
1094 3232 1166 3310 snit,
1223 3231 1374 3296 adhiberi
1413 3231 1533 3316 coepit.
1583 3229 1682 3314 Hunc
1718 3227 1969 3292 illi.honorem

419 3345 455 3394 et
481 3345 619 3416 propter
645 3331 854 3395 imminentes
881 3333 1026 3418 undique
1054 3334 1168 3398 barba·
1222 3334 1356 3420 publice
1377 3319 1478 3396 foisse
1501 3331 1689 3405 decretum,
1716 3343 1813 3413 atque
1834 3330 1970 3415 insuper

420 3447 477 3494 ros
510 3433 538 3495 is
574 3433 717 3514 optimus
745 3434 900 3518 princeps
930 3435 1076 3513 habitus,
1110 3435 1167 3521 qui
1224 3436 1327 3499 multo
1355 3433 1593 3520 gratissimum,
1623 3432 1657 3493 in
1680 3430 1751 3512 ejus
1769 3448 1902 3499 moneta
1924 3434 1970 3495 di-
2019 3445 2020 3448 ’

417 3532 517 3594 armis
551 3534 729 3597 tractandis
764 3536 1078 3618 praenuntiamus,
1112 3559 1168 3623 pa·
1223 3539 1346 3614 ximus,
1390 3535 1450 3600 sed
1490 3533 1548 3598 ubi
1588 3533 1786 3598 advertimus
1826 3555 1970 3620 quoque,
2032 3597 2036 3604 ,

418 3615 563 3715 ηὀρῐίεω
587 3635 621 3696 in
642 3636 748 3698 onmis
780 3657 879 3720 saepe
907 3637 1044 3721 jactsnt‚
1071 3637 1166 3700 niani·
1223 3639 1306 3704 lianc
1328 3642 1353 3704 1.
1376 3639 1524 3703 Caesaris
1546 3637 1710 3712 laureum,
1741 3651 1777 3698 ut
1799 3655 1841 3700 er
1861 3637 1970 3700 nomia

281 3751 288 3766 ·
418 3751 493 3795 rum
523 3735 629 3817 capite
663 3751 738 3800 sunt
771 3739 919 3824 galeato,
958 3737 1063 3812 induti
1092 3739 1167 3802 tho·
1222 3743 1318 3826 plane
1349 3753 1500 3824 apparet,
1529 3737 1630 3802 inisse
1659 3739 1862 3822 simplicem,
1896 3759 1967 3804 cum

416 3853 508 3912 raca,
539 3833 674 3902 dextera
705 3861 819 3904 manus
849 3839 956 3918 hasta,
987 3861 1013 3904 s.
1046 3839 1165 3924 clypeo
1221 3857 1331 3908 tameo
1367 3864 1423 3918 ea,
1462 3863 1524 3926 qna
1562 3840 1720 3940 deinceps
1758 3840 1969 3917 Octavianus,

417 3949 539 4001 armata
576 3951 637 4006 est.
680 3941 718 4002 ln
756 3940 863 4004 numia
900 3941 1078 4028 praecipue
1115 3945 1165 4006 in·
1221 3959 1256 4010 et
1276 3945 1347 4030 ejus
1370 3945 1522 4027 exemplo
1544 3961 1754 4006 successores
1781 3963 1900 4007 omnes
1918 3943 1970 4007 usi

416 4039 568 4104 elinantia
589 4039 720 4127 imperii
740 4063 807 4107 non
828 4063 905 4108 raro
927 4042 1091 4120 trabeam,
1112 4065 1165 4110 re·
1221 4061 1313 4124 sunt,
1345 4057 1433 4112 esset
1454 4045 1572 4110 innexa
1593 4043 1784 4121 diademati,
1807 4045 1901 4126 eujus
1921 4045 1970 4108 in·

274 4171 277 4176 ·
415 4141 606 4228 liqoumqua
639 4145 765 4210 cultum
799 4146 1005 4234 consularem
1035 4147 1165 4232 praeie-
1219 4148 1269 4212 fra
1299 4149 1431 4231 occiput
1458 4127 1547 4212 nodo
1576 4147 1722 4230 colligati
1749 4159 1863 4232 partes
1886 4145 1971 4212 sluaa

416 4259 510 4321 rent,
540 4267 660 4334 nempe
691 4265 766 4311 com
794 4267 985 4332 processum
1010 4251 1163 4312 ‚consula-
1220 4250 1260 4315 atl
1286 4249 1445 4313 humeros
1473 4247 1654 4346 delinxere.
1698 4250 1751 4312 Da
1785 4270 1874 4318 nora
1907 4251 1970 4316 hac

415 4363 488 4408 rem
507 4347 627 4430 placuit
641 4347 799 4414 indicare.
841 4349 976 4418 Varium
993 4351 1080 4414 ltuuc
1095 4351 1163 4414 cul·
1219 4351 1352 4416 laureae
1365 4352 1471 4416 forma
1486 4351 1653 4435 latiosegi
1666 4351 1705 4414 ad
1717 4369 1854 4416 nunnus
1870 4353 1970 4418 Octa·

414 4457 500 4525 tum,
522 4445 661 4536 ejusque
677 4451 853 4535 pesistsaes
868 4451 1036 4540 explicare
1050 4451 1092 4516 ad
1107 4473 1162 4516 aaa
1219 4454 1306 4518 viani
1341 4453 1535 4537 inscriptum
1569 4453 1764 4524 Paxpot.
1793 4455 1851 4524 Vl.
1890 4473 1967 4538 pag.

415 4551 586 4632 pertinere
606 4571 673 4616 nou
696 4553 866 4630 existimo,
894 4555 970 4637 qnia
991 4555 1072 4620 haec
1094 4539 1175 4620 om··
1218 4556 1271 4634 84.
1319 4559 1391 4641 Age
1433 4555 1514 4638 jam,
1557 4554 1777 4640 inquiramus,
1818 4555 1968 4620 fueritne

416 4647 471 4710 nia
498 4651 605 4714 minus
632 4655 807 4740 perspicue
835 4677 879 4720 ex
906 4655 1030 4731 cumis,
1060 4670 1094 4720 at
1114 4659 1163 4719 lu·
1218 4679 1341 4723 corona
1370 4657 1482 4724 laurea
1510 4659 1626 4720 summi
1656 4657 1857 4744 principatus
1888 4659 1967 4724 insi·

418 4749 584 4838 colentius
602 4773 643 4820 ex
665 4759 777 4822 statuis
804 4769 940 4841 possunt
968 4757 1097 4844 colligi,
1128 4773 1162 4824 et
1218 4759 1307 4846 guel
1329 4761 1474 4843 impleas
1492 4761 1654 4843 quaestio,
1676 4759 1750 4842 quia
1768 4759 1844 4844 ejus
1863 4761 1965 4846 signi-
2098 4799 2099 4812 κ
