4236 5480
364 539 372 550 .
411 503 484 568 283
935 463 1438 568 PsEVDQMONETA.

412 684 535 754 praeco
551 659 731 726 Pedrusius
749 655 781 725 in
807 653 1001 741 explicando
1026 673 1161 722 aversae
1220 660 1323 737 Caput
1340 659 1542 738 Vesperianr'.
1572 653 1723 742 (Horelli
1746 657 1851 743 lm'pp.
1880 667 1965 730 uus.

414 787 492 854 typo
515 767 615 848 longe
639 785 656 826 a
679 781 760 825 vero
785 759 965 826 aberraret.
988 758 1161 822 Sinuerum
1216 757 1334 843 Farn.)

414 873 516 956 igitur
539 865 629 928 numi
649 878 767 928 ststurn
788 861 925 926 collatus
945 873 1084 944 uterque
1104 879 1162 922 nn·
1508 903 1528 945 4
1589 859 1611 897 *
1672 904 1693 943 4

413 994 485 1036 mus
521 965 752 1052 suppeditavit.
794 966 1032 1048 Argumentum
1069 980 1163 1044 prse-
1359 965 1571 1030 Mocoott
1585 983 1656 1026 ettrn
1672 965 1968 1048 duobufilit'srer·

413 1075 503 1139 clare
540 1069 682 1152 explieat
721 1066 764 1159 Q.
795 1065 947 1140 Calaber,
995 1065 1050 1148 qui
1086 1083 1162 1127 cum
1355 1077 1487 1144 pendunt
1503 1069 1600 1145 epiris
1617 1068 1809 1143 inplicatus.

412 1173 657 1240 Penthesileam
673 1171 873 1232 Amazonum
890 1165 1055 1248 reginem,
1078 1183 1161 1248 qnae
1220 1165 1321 1246 Capul
1336 1169 1484 1229 Neronia.
1508 1165 1607 1248 (hina.
1627 1167 1737 1246 Caes.)
1762 1171 1966 1250 Vespasiani.

415 1275 609 1357 a‘I'rojanis
635 1271 754 1346 stabat,
787 1269 900 1354 iniquo
926 1288 1002 1332 cnm
1030 1265 1161 1330 Achille
1218 1265 1370 1350 (Morelli
1391 1265 1516 1352 impp.)'
1657 1265 1660 1270 ’

413 1381 521 1442 Marte
539 1393 747 1458 congressam
768 1383 933 1443 narraret,
956 1367 1078 1444 refert,
1100 1367 1164 1429 Pe·
1259 1427 1263 1437 ,
1281 1368 1417 1452 Sumpta
1441 1370 1550 1454 imago
1575 1389 1618 1432 ex
1639 1365 1821 1434 illustribus
1838 1367 1968 1432 Leaen·

376 1501 378 1510 ’
414 1481 461 1544 lei
488 1477 591 1540 lilium
624 1495 689 1538 uno
717 1475 782 1536 ictu
805 1473 1023 1545 Amazonem,
1055 1482 1088 1530 et
1110 1467 1163 1532 cul
1221 1469 1307 1533 ontis
1330 1471 1448 1552 signis,
1478 1489 1754 1554 quorumunum,
1784 1468 1863 1532 olim
1889 1467 1969 1534 bor·
1996 1513 2000 1520 .

415 1580 598 1653 insederat,
612 1597 731 1662 equum
747 1571 1044 1646 transverberasse
1035 1571 1164 1656 ipsam
1220 1585 1328 1635 torum
1351 1573 1582 1641 vaticanorum
1610 1571 1732 1655 gloria,
1754 1589 1840 1634 nunc
1865 1569 1970 1632 Lute-

416 1703 498 1746 vero
525 1699 610 1764 equo
638 1679 801 1760 delapsam
828 1693 900 1736 cum
927 1651 1164 1755 contemplare·
1222 1675 1286 1737 ttae
1300 1673 1499 1738 Parisiorum
1517 1695 1589 1738 eum
1609 1673 1821 1738 admiratione
1839 1671 1967 1739 visitur.

416 1801 472 1850 tur
493 1783 659 1856 Achilles,
684 1793 788 1840 tentae
811 1773 1062 1860 pulchritudinis
1084 1789 1165 1837 atto·
1587 1775 1607 1814 ⁴*

415 1889 520 1952 nitum
552 1881 710 1946 miraculo
742 1879 930 1942 sublevasse
963 1897 1034 1940 eam
1066 1876 1165 1939 mani·
1286 1863 1609 1944 PENTHESILEA.
1662 1873 1749 1960 vid!
1792 1895 1891 1962 supra
1935 1878 1969 1938 in

300 2021 303 2028 =
416 1990 497 2064 bus,
521 1987 656 2070 ejusque
676 2001 790 2046 caesae
812 1979 1012 2063 poenitentis
1031 1977 1163 2044 ductum
1220 1981 1355 2044 Actttta.

419 2090 570 2172 Troianis
601 2086 692 2146 humi
724 2081 936 2149 mentiendum
967 2081 1083 2144 additis
1113 2099 1166 2144 re·
1468 2066 1474 2074 ’
1580 2078 1600 2118 '
1642 2063 1654 2072 ἰ

418 2191 482 2276 giis
503 2189 597 2252 donis
617 2185 790 2248 tradidisse
808 2186 847 2264 ⁸).
877 2185 972 2246 Haec
990 2182 1097 2245 emnia
1115 2201 1166 2246 ses
1205 2231 1210 2242 .
1362 2178 1480 2245 AGIT.
1503 2180 1594 2254 SPE.
1619 2180 1801 2250 TESEVS.
1830 2183 1966 2252 Theren

418 2290 562 2356 cundum
591 2287 718 2352 Calabri
751 2285 932 2348 orationem
965 2305 1081 2347 numus
1111 2283 1166 2348 hie
1361 2287 1731 2366 pateatusaudasnam
1746 2287 1971 2350 ruminatae!

417 2396 482 2456 rite
509 2389 673 2476 proponit.
719 2387 842 2450 Confer
871 2407 945 2450 cum
974 2387 1037 2450 boe
1065 2405 1164 2448 numo
1363 2387 1474 2465 clypeo
1492 2387 1678 2448 Centaurum
1694 2390 1796 2467 lyram
1812 2397 1970 2464 tenentem

418 2513 597 2577 gemmam,
613 2501 703 2572 'quae
720 2501 824 2551 exstat
843 2488 875 2548 iu
894 2488 999 2550 musei
1015 2487 1164 2552 Florent.
1314 2493 1319 2504 “
1363 2489 1493 2548 admota
1510 2491 1757 2550 cenomannia
1771 2493 1880 2572 penna
1893 2509 1967 2569 pru·

419 2597 515 2658 Tem.
539 2597 579 2655 ll.
602 2591 835 2654 tab.xxx111.
859 2610 950 2655 num.
976 2606 1012 2662 n,
1044 2603 1165 2653 tumet
1363 2591 1509 2650 emam
1528 2593 1623 2668 copie.

418 2697 588 2760 lucernam
609 2691 744 2756 fictilem
770 2689 856 2774 apud
878 2690 1041 2754 Licattnm
1058 2689 1107 2772 1>),
1131 2705 1165 2755 et
1224 2689 1327 2768 caput
1344 2691 1492 2752 Neronis.
1522 2689 1672 2770 (Morelli
1693 2691 1814 2775 impp.)

421 2819 476 2862 vas
495 2801 709 2877 Campanum,
733 2791 820 2877 quod
843 2812 882 2854 ex
906 2811 1020 2858 museo
1040 2793 1165 2856 Hamil·
1286 2789 1452 2852 Theseum
1472 2809 1544 2852 eum
1565 2793 1733 2856 Centauris
1751 2793 1784 2854 in
1803 2787 1900 2852 amici
1915 2789 1972 2852 Pi·

416 2897 487 2963 toni
506 2897 607 2978 edidit
622 2893 851 2958 Tischbeinius
869 2893 910 2974 c).
1220 2887 1322 2960 rithoi
1334 2889 1452 2972 nuptiis
1466 2907 1695 2973 congrestum,
1716 2893 1889 2978 aliosque
1879 2907 1968 2956 tuter

780 2993 800 3033 Ι
863 3041 884 3079 4
1220 2988 1420 3054 bimembres
1455 2994 1609 3059 stravisse
1644 2995 1822 3076 Eurytum,
1867 2994 1970 3058 tradit

477 3097 481 3102 ’
557 3097 743 3164 AENEAS.
756 3101 1163 3162 AenearAnehiaenlurme·
1221 3089 1417 3174 Ovidiusd)
1463 3091 1545 3182 Quis
1581 3097 1623 3158 sit
1659 3099 1839 3162 sententiae
1876 3097 1968 3180 juxta

559 3223 596 3266 ro
617 3205 770 3282 efferam,
793 3209 825 3262 ee
844 3203 1022 3264 Ascanium
1043 3203 1073 3264 Δ
1092 3222 1164 3283 pra·
1221 3193 1360 3279 scriptae
1383 3201 1515 3271 sensus,
1539 3209 1573 3259 et
1596 3217 1660 3280 que
1684 3212 1778 3282 paeto
1804 3217 1878 3260 cum
1902 3199 1969 3262 hoe

557 3307 688 3366 henannt
710 3303 848 3364 namna.
1221 3294 1344 3358 Thesei
1367 3293 1455 3358 sacto
1479 3297 1678 3381 colliganda,
1709 3300 1873 3381 inquirant
1900 3299 1969 3364 slii.

327 3463 335 3474 ,
420 3411 522 3483 llapnt
534 3407 683 3468 Neronis.
706 3400 856 3483 (Marcili
871 3403 990 3485 impp)
1016 3392 1162 3482 Traiani.
1222 3397 1258 3460 st
1276 3396 1405 3460 luberet
1424 3399 1570 3464 scribere
1589 3401 1788 3477 inconsulte,
1810 3401 1970 3488 nulleque

419 3509 519 3586 (Mus.
538 3506 631 3566 Caes.
650 3503 806 3582 Harerc.)
1220 3499 1303 3562 adeo
1320 3499 1480 3562 lectorum
1500 3505 1704 3579 reverentia,
1727 3504 1872 3568 dicerem
1891 3525 1971 3568 cum

482 3605 657 3686 Cognitum
671 3616 899 3684 argumentum
915 3623 956 3667 ex
970 3602 1077 3666 numis
1092 3603 1165 3668 aliis
1220 3603 1467 3684 Hatercampo:
1494 3609 1639 3668 Theseus
1656 3611 1791 3688 finyilur
1810 3611 1876 3669 ridi
1891 3629 1967 3687 pro·

421 3726 500 3770 curn
516 3705 670 3782 Graecis,
694 3717 760 3766 tum
784 3705 921 3770 Latinis.
1215 3707 1364 3786 posuisse
1378 3708 1536 3768 Achillem
1547 3719 1586 3770 nt
1595 3711 1771 3787 exemplar,
1794 3714 1883 3792 quod
1895 3713 1967 3771 imi·

700 3851 719 3888 4
783 3803 803 3843 '
866 3849 886 3888 4
1220 3805 1396 3886 iurelure).
1441 3803 1566 3886 Papae!
1606 3827 1688 3890 ergo
1720 3809 1871 3874 Theseus
1904 3811 1967 3873 sibi

559 3913 680 3972 mllio
721 3929 765 3972 eu
794 3911 877 3970 turri
918 3909 1166 3974 LssANDRVM
1219 3907 1391 3990 proposuit
1409 3905 1572 3970 Achillem
1592 3911 1703 3976 multis
1724 3925 1797 3993 post
1817 3931 1853 3974 se
1873 3913 1967 3976 aunis

558 4009 1164 4089 mriimraaeemppen'emuotants
1213 4021 1339 4092 natum.
1368 4011 1548 4072 Centauros
1570 4011 1668 4073 etium
1691 4015 1845 4074 musicam
1869 4033 1970 4080 exco-

558 4133 658 4191 suprn
682 4115 844 4192 Cupidine.
888 4113 924 4170 lu
954 4111 1034 4173 alio:
1077 4111 1164 4174 Hero
1220 4110 1322 4198 luisse
1344 4111 1499 4176 Chironis
1521 4114 1675 4196 exemplo
1698 4113 1866 4178 docemur.
1913 4118 1968 4182 Vi·

559 4225 650 4275 stans
665 4217 700 4274 in
713 4216 797 4276 turri
808 4217 840 4274 d.
850 4215 1029 4290 lampadem
1036 4224 1166 4294 molen
1222 4209 1264 4273 de
1282 4227 1510 4294 argumentum
1533 4233 1600 4277 non
1620 4215 1768 4280 absimile
1785 4217 1818 4278 in
1837 4238 1969 4302 gemma

559 4319 617 4388 dte,
632 4325 726 4382 ndat
735 4315 860 4394 ἐπίσκια
867 4317 1023 4390 Leander,
1033 4317 1166 4376 sedetirs
1221 4315 1328 4378 Musei
1347 4314 1532 4378 Florentini
1548 4313 1590 4396 f).

557 4419 898 4493 litoreptrcatorjucta
912 4419 948 4476 in
959 4419 1164 4478 merebantu-
1192 4455 1200 4480 .
1500 4461 1521 4502 4
1585 4415 1604 4472 ἢ
1668 4463 1688 4503 4

456 4649 486 4712 a)
504 4642 633 4720 Paralip.
652 4643 684 4701 L.
704 4643 726 4702 1.
746 4663 783 4704 v:
795 4645 857 4710 566.
877 4663 938 4720 seq.
1079 4643 1114 4717 b)
1136 4643 1172 4702 de
1192 4637 1395 4704 Lucerusant.
1415 4667 1446 4726 p.
1466 4653 1527 4715 836.
1598 4649 1603 4657 '
1627 4637 1630 4643 ¹
1666 4651 1697 4723 c)
1715 4649 1782 4712 vot.
1803 4649 1838 4708 tt.
1859 4652 1919 4710 tab.
1939 4665 1966 4718 5.

421 4731 756 4804 d)tteta=u.x11.227·
867 4735 899 4807 e)
916 4733 956 4792 ad
975 4733 1072 4813 Impp.
1091 4733 1220 4792 Morellii
1241 4735 1274 4794 T.
1295 4735 1332 4796 Π.
1351 4752 1382 4816 p.
1401 4749 1446 4812 93.
1554 4738 1683 4812 DTem.
1702 4737 1737 4800 il
1756 4739 1815 4800 leb.
1835 4751 1919 4816 3911.
1942 4759 1967 4805 t.
