4244 5484
572 401 648 478 DE
686 399 1103 479 PONTIFIGATV
1142 401 1278 478 Max„
1627 431 1697 499 385

151 601 305 678 optaret,
337 602 375 650 ιιι
401 585 520 652 dietum
547 583 580 648 in
601 583 744 652 Neronis
761 571 902 664 mobetu,
960 583 1064 662 sisso,
1085 585 1247 672 judicasse
1271 606 1381 652 conaus
1400 591 1604 660 saomdotum
1625 600 1703 661 utri·
1772 601 1804 682 ’-

151 689 598 778 Casurumaliqneml'uisse
613 709 809 776 quocunqne
821 699 904 752 tem·
958 709 1063 772 nsque
1080 709 1193 764 sexus,
1215 701 1249 752 et
1266 689 1317 753 ltis
1336 692 1471 770 similia,
1502 698 1702 765 sacrificasse

149 816 235 886 l'ore
253 792 442 880 P⁰¹¹iffi⁰⁰¹¹¹
459 793 656 870 mmmm.
675 792 768 856 nullo
792 799 902 854 caitae
959 805 1067 862 antem
1089 791 1221 878 publice
1249 795 1283 852 in
1312 793 1416 856 οιιιιίι
1447 795 1599 882 imperii,
1635 827 1701 869 m„

150 899 234 966 fidei
250 909 463 961 monumento
481 906 617 960 coastat.
641 891 715 986 Quo
728 891 832 977 magis
844 892 903 952 mi·
959 894 1139 978 scriptores
1159 894 1274 974 modo,
1297 895 1355 960 sed
1376 910 1410 960 et
1427 896 1571 966 infinitae
1589 926 1703 972 numoa

152 1023 248 1079 mro,
271 999 426 1066 Albinum
450 996 601 1061 Clodium
624 997 769 1062 nondum
790 999 902 1080 Ango-
958 1012 1031 1060 rum
1049 1015 1184 1062 aversae
1202 997 1336 1080 copiose
1354 1013 1521 1066 testantur.
1555 1008 1629 1070 Non
1646 1010 1704 1074 ob·
1803 1063 1816 1088 x

155 1103 293 1170 stomin
310 1097 619 1189 quibusdamnumis
637 1095 901 1182 dicipontiiioetn
958 1111 1039 1178 etat,
1070 1097 1190 1162 suetum
1221 1120 1474 1184 saepenumero,
1499 1115 1542 1167 :nt
1564 1107 1702 1194 imper,-
1828 1137 1839 1156 ·

155 1207 353 1284 mximum,
374 1223 458 1289 quoe
475 1200 537 1266 udi.
958 1200 1159 1276 tores,·si've
1181 1221 1254 1265 enm
1277 1223 1420 1288 peregre
1447 1221 1603 1288 agerent,
1632 1212 1703 1278 sire

874 1333 898 1363 κ
957 1302 1144 1369 valetudine
1176 1302 1418 1380 detinerentur,
1450 1308 1570 1375 sicario
1598 1314 1705 1399 ponti·

478 1443 506 1520 ἑ.
529 1441 584 1504 m·
959 1402 1227 1480 licenterentnr,
1249 1425 1322 1470 nam
1344 1406 1622 1497 iatudintperarit
1647 1437 1705 1480 ne-
1807 1483 1810 1488 Δ

960 1507 1115 1586 cessitas,
1143 1525 1251 1590 neque
1280 1509 1395 1587 etism,
1428 1513 1518 1597 quod
1541 1513 1583 1578 de
1605 1519 1705 1582 Anto·

154 1621 213 1681 Aa
223 1617 365 1706 Arenata·
374 1613 579 1692 pontificatus
594 1629 682 1672 moe.
690 1609 902 1670 ministerum
959 1608 1502 1702 nunoProporhubetCapitolinus:
1525 1625 1706 1686 oecultum

155 1739 217 1796 per
233 1737 269 1782 se
284 1717 458 1788 obruerint,
481 1722 596 1774 etcum
608 1715 796 1790 pluresuna
808 1712 938 1790 suere
959 1715 1158 1793 sucrificium
1172 1733 1232 1792 per
1249 1715 1407 1776 uicarium
1423 1720 1523 1796 serie,
1551 1724 1618 1783 uias·
1634 1743 1706 1787 mm

206 1821 476 1901 pontificemne.
467 1857 494 1891 .,
516 1835 560 1875 au
575 1834 681 1878 omnes
697 1803 856 1895 ἀιριιιιιιιι
960 1817 1156 1896 asperserit,
1178 1833 1244 1898 qno
1261 1814 1636 1885 testimonioutiamant
1650 1823 1705 1887 ad·

472 1915 599 1996 puras?
959 1915 1115 1992 versarii,
1138 1935 1215 2002 qno
1225 1917 1457 2000 comprobent,
1488 1923 1705 2008 imperatores

961 2019 1043 2084 alios
1060 2018 1216 2084 ricarium
1236 2039 1367 2104 semper
1384 2035 1516 2107 praesto
1542 2025 1705 2125 habuisse,
1756 2047 1761 2063 ⁸

221 2123 317 2189 Hanc
335 2119 577 2207 quaestionem,
600 2111 730 2206 atquae
749 2117 905 2204 deinceps
962 2121 1096 2208 qnipro
1118 2141 1153 2186 se
1170 2121 1334 2205 pontificis
1352 2144 1437 2190 max.
1454 2127 1563 2189 monia
1588 2127 1705 2194 obiret.
1814 2173 1816 2180 ,

159 2238 360 2313 sequnntur,
399 2221 528 2306 prolixe
557 2221 699 2306 disputat
731 2221 904 2286 Bimardus
964 2222 1140 2288 Sedenim
1160 2224 1248 2292 haee
1272 2219 1376 2290 oratio
1399 2227 1486 2290 aliud
1514 2249 1579 2291 non
1596 2230 1706 2308 docet,

158 2331 193 2392 in
215 2325 308 2418 Actis
337 2325 495 2390 Parisinis
517 2325 776 2408 inscriptionum
797 2325 905 2392 Temo
962 2325 1027 2388 nist
1017 2324 1271 2390 'Antoninum'
1262 2347 1294 2385 ιιι
1315 2329 1420 2411 patris
1443 2349 1534 2393 sacra
1555 2334 1658 2396 aliis
1648 2355 1709 2397 un·

158 2433 233 2502 XV.
251 2428 328 2492 inde
354 2451 372 2492 ι
395 2430 513 2513 pagina
536 2426 588 2490 38.
625 2427 723 2490 'Cum
741 2442 905 2542 nunqnam
962 2428 1096 2510 pensius
1115 2427 1217 2490 inisse
1238 2429 1422 2511 pdleotum,
1452 2433 1543 2514 eujus
1567 2433 1709 2498 illustris
1808 2451 1810 2456 ’

159 2535 272 2598 desint
290 2532 351 2598 riri
366 2543 588 2616 praestantes,
609 2549 749 2615 qnorum
765 2528 941 2614 irrequi·
963 2529 1165 2614 exemplain
1187 2530 1576 2612 ejusmopetadedimus,
1598 2555 1708 2624 neque

157 2651 248 2702 stum
271 2635 439 2718 ingenium
457 2631 577 2696 sectari
586 2631 748 2704 subtilia,
770 2629 906 2691 nodum·
963 2630 1063 2694 etiem
1084 2629 1169 2694 bueo
1185 2630 1256 2712 ejus
1274 2629 1449 2697 adsiduitas
1469 2647 1640 2718 tantopere
1662 2639 1709 2702 vi·

160 2739 281 2826 quein
299 2735 408 2818 scirpo
426 2753 588 2821 quaerore
613 2746 717 2808 amat,
738 2731 833 2794 foere
848 2729 908 2807 eti·
964 2729 1079 2795 dentur
1094 2730 1271 2810 mirabilia,
1293 2753 1379 2810 enm,
1402 2737 1533 2822 quoad'
1523 2739 1708 2852 imperavit,

159 2863 233 2918 am,
254 2840 311 2928 qni
338 2839 547 2912 adsererent,
576 2848 631 2900 aut
651 2833 906 2918 inspicerentur,
963 2833 1428 2921 nunquampedemexurbe,
1450 2838 1635 2906 autvioiuia
1652 2859 1708 2903 ex·
1727 2855 1752 2930 J
1782 2821 1787 2830 ¹

159 2950 328 3028 Angustos
357 2939 592 3058 pontificatus
593 2959 679 3002 max.
709 2936 807 3000 titulo
831 2955 909 3000 oon·
964 2935 1089 3001 tulerit.

159 3059 271 3113 tentos
301 3064 505 3130 nequaquam
535 3043 624 3126 ipsos
655 3059 803 3104 connexa
833 3057 908 3104 cum
1028 3037 1079 3100 Ad
1096 3037 1231 3104 alterum
1248 3037 1345 3122 hujus
1360 3041 1559 3126 quaestionis
1580 3054 1708 3128 purtem

158 3147 227 3212 boc
248 3165 384 3210 munera
407 3145 648 3228 adimplevisse.
701 3141 908 3208 Contrarium
965 3154 1187 3224 transgressus
1215 3133 1407 3220 Bimardus,
1439 3145 1612 3222 nimirum,
1633 3165 1709 3210 eum

159 3251 302 3316 aliorum
316 3245 438 3332 judicia
457 3261 588 3310 secutus
610 3245 708 3310 docet
722 3242 906 3320 Bimardua,
965 3242 1078 3327 plures
1099 3265 1161 3306 una
1185 3244 1280 3309 inere
1305 3245 1477 3329 pontifices
1495 3249 1646 3324 maximi,
1667 3269 1709 3312 an

161 3373 237 3418 cnm
255 3364 384 3418 constet
408 3369 451 3412 ex
472 3348 628 3415 historiae
644 3351 810 3432 Augustae
827 3349 907 3412 sori·
966 3365 1081 3408 omnes
1111 3343 1268 3427 dignitate
1297 3367 1393 3429 parea
1422 3347 1570 3410 fuerint?
1601 3363 1709 3434 negat,

160 3452 331 3542 ptos-ibus,
378 3473 518 3538 quornm
554 3449 687 3534 copiosa
721 3451 906 3516 testimonia
965 3447 999 3510 in
1016 3446 1164 3538 omnibns
1178 3448 1333 3512 historiae
1349 3451 1389 3510 tt.
1409 3447 1624 3536 scriptoribus
1640 3469 1711 3515 oer-

159 3557 301 3631 recitat,
322 3572 382 3618 cos
404 3551 586 3640 generatim
607 3553 795 3636 peregisse,
824 3573 907 3640 quae
966 3563 998 3614 ta
1013 3570 1087 3614 sese
1102 3566 1293 3632 argumenta
1307 3555 1491 3638 reperisse,
1514 3553 1725 3640 quaeresol·-

159 3657 337 3745 pontifices
358 3679 442 3738 ιιιιι,
469 3657 599 3742 integra
626 3638 796 3740 republica
816 3677 911 3742 prae·
965 3674 1044 3721 rere
1071 3651 1204 3715 dubium
1232 3668 1378 3736 possent.
1420 3655 1516 3719 Solus
1534 3657 1636 3741 igitur
1660 3677 1713 3720 ιιι·

163 3775 252 3824 stare
267 3775 527 3838 consueverunt,
549 3759 733 3825 restituisse
753 3757 911 3822 caerimo·
966 3775 1102 3838 peresse
1133 3756 1355 3840 conjecturas,
1392 3777 1538 3852 easque
1539 3757 1580 3821 ab
1602 3761 1713 3844 Ango-

163 3864 236 3928 nias
256 3865 442 3946 neglectas,
472 3862 666 3940 stabilivisse
687 3881 804 3938 noras,
834 3881 910 3944 pro·
967 3869 1057 3927 steae
1076 3857 1242 3942 dignitatus
1256 3875 1383 3922 ratione
1401 3862 1527 3945 petitas.
1551 3859 1661 3924 Tres
1652 3879 1713 3942 ιιι

163 3985 298 4030 curasse
314 3966 410 4030 ludos
426 3986 553 4042 saeros,
576 3962 774 4028 reformasse
788 3963 911 4027 Kalen·
966 3974 1021 4026 tur
1039 3981 1114 4027 oum
1133 3961 1236 4044 Pugio
1254 3961 1314 4022 snb
1332 3961 1584 4045 imperatoribus
1598 3961 1712 4026 distin·

163 4066 312 4146 darinm,
340 4069 429 4155 qnod
457 4089 523 4132 non
547 4043 646 4129 brodo
667 4069 735 4129 al.
759 4069 910 4143 Caesare,
968 4065 1037 4147 goit
1057 4064 1188 4146 imperii
1208 4062 1454 4126 administrandi
1478 4063 1619 4141 formas,
1645 4063 1712 4146 pri·

165 4169 228 4236 s'ed
259 4184 295 4234 et
325 4173 475 4258 Angusto
502 4170 624 4240 laetum
659 4169 765 4233 reiert
795 4168 912 4232 Sueto·
968 4187 1019 4228 ma
1041 4179 1107 4242 eut,
1129 4187 1193 4250 qua
1213 4163 1352 4248 Augusti
1372 4163 1620 4231 sibiadaoiuere
1640 4185 1712 4228 sno·

162 4274 239 4340 nius
254 4276 305 4358 ·),
335 4273 493 4338 feriarum
523 4287 673 4356 tempora
694 4269 911 4360 constituisse,
968 4287 1117 4334 cessores
1138 4265 1314 4341 Caesarea,
1341 4264 1390 4328 aio
1408 4278 1532 4344 tamen,
1563 4279 1600 4330 ut
1623 4265 1658 4328 hi
1673 4265 1713 4328 il·
1749 4265 1756 4274 '

163 4377 198 4441 in
218 4375 320 4442 iidem
336 4375 499 4450 librorum
520 4376 758 4462 Sibyllinorum
778 4371 912 4462 inquisi-
967 4369 1009 4434 lis
1028 4371 1125 4458 plane
1149 4367 1338 4448 subessent,
1360 4367 1552 4455 inquorum
1571 4387 1716 4466 numero

197 4687 229 4760 a)
248 4684 283 4744 in
300 4686 379 4762 Aug.
399 4703 424 4742 c.
443 4693 489 4748 31.

174 4829 177 4836 .
261 4781 354 4860 (Vol.
374 4778 482 4856 7111.)
