4236 5480
406 453 479 524 sto
1050 417 1247 495 CAPVT
1289 417 1336 492 11.

407 627 568 706 potestate
584 610 671 678 misit
686 609 727 692 ⁸).
765 569 1155 690 V.G.7630ajoscse·
1211 599 1329 676 etism,
1367 555 1531 686 Augustos
1572 603 1658 666 huno
1688 603 1850 670 honorem
1886 626 1952 670 uon

407 745 461 788 sar
477 717 642 802 Agrippae
661 714 698 774 F.
716 712 750 772 iu
770 711 945 777 Orientem
967 707 1008 774 sti
1030 707 1154 770 bellum
1211 725 1288 768 raro
1315 724 1387 767 oum
1410 705 1449 766 iis
1474 707 1568 780 viris,
1605 729 1686 792 quos
1709 708 1867 792 adoptare
1893 709 1964 773 sibi·
2090 711 2091 740 ;

407 823 538 890 Parthis
567 813 775 881 inserentium
806 833 882 880 cum
912 809 1053 895 imperio
1081 827 1157 896 pro·
1212 805 1350 891 placuit,
1374 810 1640 872 communicasse.
1682 814 1956 902 auctoresenstu

409 921 575 993 consulari
591 918 757 1004 proiectos
774 929 824 980 est
838 913 883 1000 Ιθ).
907 914 1092 978 Adserente
1103 913 1156 974 Ti·
1214 908 1541 988 coniunctorum,
1556 915 1689 992 utNero
1700 915 1956 995 Csesarproeou-

409 1030 523 1102 ber-io,
555 1043 619 1086 non
638 1039 734 1107 posse
757 1032 879 1082 motum
902 996 1074 1104 Orientem
1093 1015 1157 1080 nisi
1212 1013 1322 1088 solare
1339 1014 1507 1092 imperium
1528 1025 1621 1077 estro
1644 1021 1752 1079 urbem
1767 1019 1955 1100 houmere).

411 1127 601 1198 Germanici
632 1123 789 1208 sapientis
823 1121 992 1207 componi,
1030 1126 1155 1184 decreto
1212 1113 1394 1178 Antoninus
1419 1113 1496 1174 Pius
1522 1115 1639 1178 eodem
1667 1129 1816 1200 tempore
1843 1124 1956 1202 faetus

405 1247 536 1318 potrum
553 1231 731 1313 permissae
754 1229 942 1290 commutes
956 1226 1154 1305 provinciae,
1212 1219 1363 1296 cupam·
1377 1215 1543 1280 Hadriano
1564 1230 1597 1282 et
1621 1223 1808 1301 erimperto
1821 1243 1957 1316 procos·

409 1359 493 1426 quoe
502 1335 588 1398 mori
598 1333 794 1403 dividuntur,
802 1331 969 1409 majusque
977 1327 1154 1403 imperium,
1212 1321 1409 1394 asturianis
1421 1319 1899 1406 immiciopotmmaconkbo
1912 1317 1956 1406 Β),

409 1459 535 1526 quoquo
553 1438 692 1506 wirrae,
714 1429 889 1512 quamuis,
912 1429 1077 1510 quisorte,
1099 1435 1161 1488 aut
1214 1437 1313 1504 aquo
1334 1418 1453 1483 deinde
1477 1419 1563 1486 iilius
1581 1421 1734 1485 Aurelius
1757 1425 1879 1487 Caesar
1900 1429 1958 1488 tri·

410 1545 511 1604 missu
519 1534 864 1617 principisobtinerent
878 1531 917 1610 ο).
940 1527 1075 1611 Aliquot
1082 1537 1157 1608 post
1213 1523 1959 1622 bunieiopotestotedeuutusest,etqueimperio

411 1640 503 1704 annis
526 1635 717 1718 imminente
738 1635 857 1694 iterum
882 1655 900 1693 a
919 1631 1047 1694 Parthis
1066 1641 1157 1692 metu
1212 1632 1307 1684 extra
1321 1625 1428 1686 urbem
1438 1632 1662 1702 proconsulari
1676 1625 1710 1706 i).
1732 1625 1844 1690 Fuere
1855 1629 1957 1710 igitur

411 1741 565 1809 Tiberius
581 1741 721 1810 eunctis,
739 1739 917 1820 quoeopsd
926 1737 1086 1798 Orientem
1097 1753 1157 1813 pa·
1213 1725 1499 1808 proconsulatum
1529 1725 1614 1812 sputi
1636 1731 1801 1791 Romanoa
1832 1749 1957 1814 genera

410 1849 583 1916 rabuntur,
606 1845 642 1902 L.
658 1841 821 1901 Vitellium
831 1834 1050 1918 praefecere).
1076 1827 1158 1896 'ncl-
1216 1823 1294 1902 triu,
1324 1849 1422 1889 unum
1451 1829 1648 1891 ordinarium
1673 1821 1805 1909 eorum}
1836 1833 1893 1917 qui
1916 1831 1957 1896 ad

409 1967 526 2012 versus
540 1941 675 2004 eosdem
692 1936 1063 2002 ParthosCorbuionem
1081 1957 1156 2000 cum
1213 1929 1375 2013 regendas
1399 1931 1530 2016 imperii
1554 1931 1737 2018 provincias
1761 1934 1830 1997 sire
1854 1949 1957 2011 sorte,

411 2051 557 2114 mitteret
572 2049 678 2117 Nero,
701 2046 852 2104 scribitur
866 2045 1035 2104 tetrarchis
1051 2061 1092 2102 ac
1110 2059 1158 2101 re·
1213 2032 1282 2094 sive
1295 2035 1546 2118 comparatione,
1566 2034 1634 2096 sive
1645 2035 1749 2098 serius
1760 2037 1859 2098 missu
1871 2038 1958 2120 prin-

409 2155 521 2234 φέρω,
548 2148 806 2228 praefectisque,
840 2153 873 2208 et
885 2144 1157 2225 procuratoribus,
1214 2134 1295 2217 cipis
1325 2138 1516 2211 exiverunt,
1563 2135 1702 2198 aiterum
1735 2139 1958 2204 entraordina-

410 2257 514 2338 etqui
532 2261 715 2333 praetorum
732 2247 889 2328 finitimos
906 2247 1157 2322 provinciasre-
1213 2237 1299 2298 rium
1324 2257 1454 2314 corum,
1486 2239 1603 2322 quibus
1620 2237 1661 2300 ad
1682 2253 1810 2301 certum
1828 2254 1958 2323 tempus

408 2359 546 2436 oubam,
561 2341 1020 2431 Jussiscorbuioniiobsequs'‚
1043 2347 1158 2406 intart-
1215 2338 1317 2421 majus
1337 2340 1527 2424 imperium,
1551 2362 1646 2426 quam
1670 2342 1756 2426 quud
1780 2363 1960 2427 procunsu-

411 2467 477 2518 tum
488 2458 593 2536 ferme
609 2453 733 2512 modum
749 2457 847 2508 sueta
866 2455 1043 2525 potestate,
1066 2465 1157 2530 quem
1214 2439 1280 2502 ium
1296 2443 1373 2520 suit,
1396 2453 1493 2528 atque
1511 2445 1544 2504 in
1561 2445 1673 2526 piures
1694 2445 1879 2528 provincias
1898 2447 1958 2510 'de-

332 2623 336 2632 ,
408 2561 546 2638 populus
563 2559 599 2618 ii.
622 2551 834 2628 cartapeta
853 2549 1157 2628 bellum-piraticum
1213 2541 1314 2607 latum
1339 2559 1406 2622 eat,
1430 2545 1561 2608 tertium
1578 2559 1789 2632 perpetuum,
1814 2549 1902 2632 quod
1919 2549 1960 2614 ed

409 2653 739 2740 yerearodederote).
1142 2737 1145 2742 Ι
1213 2666 1328 2709 omnes
1358 2648 1540 2729 prouincias
1563 2650 1679 2726 valuit,
1711 2661 1744 2711 et
1770 2649 1861 2734 qood
1882 2651 1959 2714 inde

475 2757 653 2841 Imperium
676 2751 911 2836 proconsulare
935 2745 1160 2812 extraordiua·
1213 2749 1253 2812 ab
1277 2751 1424 2832 Augusto
1447 2750 1697 2835 imperatoribus
1726 2752 1897 2827 omnibus,
1929 2767 1961 2814 et

410 2861 494 2924 rium
529 2857 595 2929 bis,
635 2874 719 2938 qnos
760 2851 859 2917 modo
891 2848 1156 2925 commemoravi,
1212 2851 1253 2914 ab
1280 2851 1328 2913 bis
1354 2872 1419 2913 non
1447 2875 1523 2916 raro
1538 2853 1753 2942 Caesaribus,
1776 2851 1960 2918 destinatis·

412 2965 489 3028 siris
518 2961 661 3024 delatum
690 2955 820 3020 nonnisi
847 2955 1078 3037 temporarium
1107 2951 1157 3012 su·
1211 2975 1276 3040 que
1294 2955 1538 3018 succentoribus
1554 2955 1726 3020 decretum
1742 2958 1814 3021 tuit

410 3069 487 3142 isse,
511 3062 703 3146 urgentibus
715 3059 841 3122 scilicet
856 3057 939 3140 reip.
956 3055 1070 3129 causis,
1085 3073 1158 3115 sua·
1275 3061 1381 3140 Atque
1401 3077 1443 3120 ex
1466 3058 1533 3132 bis,
1573 3079 1658 3143 quse
1686 3058 1786 3122 modo
1814 3079 1961 3125 comme-

304 3171 308 3182 '
410 3179 582 3254 prepetet.
626 3167 765 3226 atvero
786 3159 873 3222 idem
895 3159 928 3218 in
952 3155 1157 3242 impetatori·
1212 3159 1428 3234 morarimus,
1461 3179 1528 3221 non
1552 3150 1691 3224 obsbure
1709 3175 1818 3245 potest
1836 3163 1961 3224 intelli·

410 3269 691 3350 buscoepitesse
717 3277 923 3349 perpetuum.
967 3257 1061 3350 Quae
1085 3259 1155 3340 ejus
1214 3261 1269 3345 gi,
1302 3281 1383 3345 quae
1406 3262 1506 3324 fuerit
1527 3265 1680 3326 Caesarei
1700 3263 1795 3344 bujus
1819 3285 1960 3350 procon-

411 3371 512 3434 iuerit
538 3371 649 3452 origo,
678 3381 712 3430 et
730 3386 812 3452 quae
839 3363 920 3427 alise
943 3379 1078 3436 causae,
1100 3357 1160 3420 ness·
1213 3363 1335 3426 aristus
1358 3377 1489 3441 natura,
1526 3377 1561 3426 et
1584 3379 1738 3449 quantum
1763 3365 1961 3430 Caesaribus
2092 3359 2093 3384 ¹

292 3525 304 3552 ,
409 3491 464 3536 mo
479 3473 622 3554 apertius
642 3471 750 3531 Diono
771 3468 892 3532 docuit.
930 3465 1093 3527 Narratio
1116 3461 1155 3549 ¹),
1212 3463 1421 3530 adnumerata
1442 3468 1504 3531 bac
1526 3465 1682 3552 dignitate
1704 3469 1882 3532 accesserit
1900 3487 1961 3552 po-

289 3593 296 3610 *
407 3573 494 3635 inter
524 3569 1154 3650 aiioshonoresV.C.731Augusto
1212 3569 1346 3635 testatis.
1389 3571 1500 3632 Fuere
1533 3581 1642 3632 tameo
1671 3581 1822 3634 auotore's
1862 3573 1960 3646 rarii,

409 3675 535 3740 tielstos
558 3673 661 3734 fuisse
687 3672 803 3744 etiam,
834 3683 871 3733 ut
896 3676 1063 3750 imperium
1079 3693 1155 3752 pro·
1211 3671 1327 3756 quibua
1354 3671 1424 3754 ejus
1452 3689 1567 3735 causae
1590 3671 1757 3749 subtilius,
1795 3671 1962 3739 adcurati-

408 3781 576 3842 consuiore
587 3775 888 3855 pometaotabsrst
909 3777 1153 3855 aequeidirstra
1210 3796 1313 3858 usque
1337 3774 1503 3838 rimandae
1530 3771 1740 3850 videbantur,
1763 3795 1845 3857 quos
1868 3777 1962 3842 inter

404 3881 602 3962 pomoerium
625 3879 767 3939 uenienti
781 3879 955 3953 deponere,
982 3895 1085 3958 neque
1097 3897 1154 3939 un·
1211 3875 1305 3940 fuero
1327 3877 1501 3942 Salmasius
1516 3875 1572 3958 ¹¹),
1601 3873 1874 3960 corroboraret),
1898 3881 1961 3943 Pa·

407 4001 504 4066 quom
519 3987 870 4058 rsoaoorsopusesset‚
892 3985 988 4060 atque
1004 3985 1155 4058 utmojor
1212 3979 1283 4062 gius
1298 3981 1356 4061 Ν),
1387 3977 1444 4059 qui
1465 3991 1656 4058 praetores,
1689 3999 1752 4061 qus
1775 3993 1871 4060 parte
1896 3983 1964 4046 sibi

407 4087 472 4163 ipsi
481 4086 516 4144 in
527 4066 858 4162 uinculisprooinciia,
874 4083 1155 4162 quamproesectie
1209 4081 1400 4156 adversetur
1412 4079 1576 4156 Nomius,
1599 4094 1842 4158 commemorat,
1856 4085 1965 4170 span.

407 4205 517 4248 eorum
533 4203 655 4264 sensper
669 4192 753 4246 esset
760 4190 916 4260 potestas.
941 4179 1009 4242 Sed
1027 4193 1155 4276 constat
1210 4180 1338 4244 bemios
1352 4183 1404 4267 1ἱ),
1427 4180 1569 4269 denique
1583 4183 1797 4250 Hassoieuus
1812 4190 1856 4272 ⁰).
1884 4189 1961 4252 Hos

444 4379 475 4436 ι)
495 4373 585 4430 floris
602 4375 706 4431 Cenot.
723 4369 928 4428 cinctraii.
946 4371 1113 4444 ctum·
1164 4368 1202 4439 b)
1222 4367 1524 4428 ZonarasexDioue.
1581 4375 1612 4446 c)
1631 4371 1727 4432 Tacit.
1741 4373 1959 4440 sumitate

405 4465 437 4532 dt
456 4463 550 4523 Tacit.
569 4465 647 4522 Auo.
665 4461 816 4526 vunan.
926 4461 954 4530 e)
974 4459 1067 4518 Tacit.
1082 4463 1161 4518 Anu.
1178 4459 1243 4522 XV.
1262 4479 1285 4516 c.
1299 4469 1345 4522 25.
1391 4459 1591 4538 ‚oculta
1610 4469 1635 4536 t.
1654 4475 1702 4530 32.
1809 4467 1842 4542 g)
1862 4465 1960 4524 Tacit.
2013 4475 2017 4484 ’

405 4557 483 4611 Anu.
503 4551 570 4609 xit.
591 4571 620 4610 ο.
635 4559 682 4622 41,
755 4548 787 4620 h)
807 4548 968 4626 Capitolio.
990 4551 1021 4606 in
1039 4553 1188 4612 nnt.Pto.
1243 4549 1268 4618 i)
1289 4549 1451 4629 Capitolio.
1467 4552 1498 4608 iu
1513 4554 1551 4608 Μ.
1571 4550 1676 4610 Aurel.
1756 4555 1788 4630 ir)
1808 4553 1848 4612 ad
1868 4555 1962 4634 Capi·

405 4639 530 4696 toiinurn
550 4659 579 4716 p.
600 4649 647 4702 nt.
719 4637 745 4708 i)
765 4635 806 4696 sd
824 4637 1026 4714 Capitolinum
1045 4645 1143 4717 patu.
1214 4643 1259 4712 m)
1280 4639 1387 4700 Critic.
1406 4641 1530 4708 Barouii
1545 4641 1637 4703 variis
1655 4642 1741 4704 locis.
1818 4649 1850 4718 n)
1869 4647 1960 4705 Tum,

406 4731 441 4789 tt.
463 4729 540 4788 Dias.
561 4729 625 4786 ΧΠ.
650 4749 684 4806 p.
701 4731 765 4793 463.
786 4746 847 4803 seq.
922 4727 1487 4800 0)Animadv·V11.deP1·ocousuie.
1698 4737 1701 4744 '
1779 4734 1784 4745 “
