4236 5488
750 439 1067 528 HONORIT&
1169 532 1189 550 p
1274 493 1278 502 ι
1378 441 1382 452 ’
1527 543 1557 573 ss
1611 467 1679 532 ιιι

131 629 275 694 dicemus
300 628 480 704 contiuuo,
501 625 671 693 tumetis
690 627 797 692 nuruis
817 628 883 688 Eu·
939 640 1034 710 typus
1060 639 1134 708 sote
1158 625 1380 694 Theodosium
1400 631 1458 708 lh,
1489 643 1522 695 et
1537 631 1690 712 Valenti,

132 734 242 798 dociae
262 731 452 794 Theodosii
468 733 507 794 11.
587 793 590 798 ,
724 792 730 802 ,
894 755 904 774 ³
938 729 1070 792 mianum
1096 731 1153 793 lll.
1182 730 1375 813 iunonem
1399 753 1464 795 oon
1486 751 1685 820 compareat,

505 829 525 868 ι

192 877 642 1002 AEL.EVD501A.Ath.
680 935 883 1014 Caputmllu
939 931 1106 1004 Eudocinc
1126 933 1278 1012 Arcadii,
1300 935 1392 1018 cujus
1419 955 1500 1000 aeto
1519 939 1546 998 is
1571 939 1604 1010 in
1624 963 1687 1008 usu

939 833 1032 914 argui
1062 845 1187 916 potest,
1216 853 1333 901 numos
1364 832 1486 902 similes
1517 856 1582 898 noo
1612 859 1684 902 esse
1784 819 1791 828 ⁸

133 1045 237 1103 ωιῑω,
939 1035 1083 1098 nondum
1106 1033 1188 1111 fuit,
1220 1035 1278 1096 sed
1304 1036 1474 1108 Eudoxias
1494 1029 1686 1120 Theodosii,
1730 1025 1733 1032 ¹
1800 1105 1805 1113 ,

194 1141 323 1202 Nomos
341 1139 389 1200 sic
404 1137 578 1218 inscriptos
593 1135 882 1200 BanduriusArce·
919 1127 1023 1220 '‘quse
1050 1157 1122 1200 curn
1150 1137 1378 1206 Volentiniano
1400 1141 1456 1202 111.
1483 1141 1619 1223 posthac
1633 1142 1688 1204 ,dt-
1711 1133 1714 1138 ¹

134 1243 180 1308 dii
195 1241 333 1324 conjugi
351 1237 482 1314 tribuit,
504 1251 540 1300 ut
559 1234 655 1300 modo
671 1237 802 1300 dictum.
883 1297 886 1302 ,
941 1238 1026 1300 atius
1048 1240 1140 1303 vixit.

196 1350 279 1409 Siue
293 1345 478 1423 epiqruphe.
510 1343 602 1432 Grec
618 1344 705 1418 intro
728 1345 883 1404 laureum.
1100 1347 1102 1350 '
1221 1386 1239 1426 ,
1302 1340 1321 1378 *
1386 1386 1406 1425 ‚
1449 1411 1453 1420 .
1556 1394 1560 1404 ,
1778 1381 1782 1392 .

134 1441 448 1524 stammana.)
1004 1440 1188 1505 Bandurins
1228 1442 1307 1534 huic'
1340 1443 1508 1508 Eudocisc
1549 1447 1688 1530 largitur
1781 1460 1782 1464 ’

199 1531 336 1612 Similes
359 1545 449 1606 numi
475 1543 521 1608 sic
546 1557 642 1614 erunt
664 1542 887 1625 hujusEndo·
941 1563 1075 1618 aureos,
1104 1547 1136 1607 in
1161 1565 1298 1628 quorum
1321 1546 1453 1634 aversat‘
1487 1549 1591 1615 VOT.
1616 1553 1688 1616 XX.

141 1652 226 1726 ciac,
248 1662 430 1721 ettamen,
452 1644 585 1710 simodo
596 1639 758 1721 Eudorus,
781 1651 887 1710 etlin-
942 1647 1078 1712 MVLT.
1092 1646 1214 1722 XXX,
1237 1648 1296 1708 sed
1321 1669 1402 1732 quos
1426 1667 1498 1712 esse
1518 1649 1693 1714 Eudoxiue.

139 1755 240 1816 dotia
257 1746 399 1832 perinde
418 1761 584 1826 putamus,
608 1733 704 1810 etiam
723 1766 794 1809 esse
813 1767 887 1828 pos·
944 1745 1144 1826 Theodosii,
1165 1750 1200 1810 in
1227 1750 1323 1832 hujus
1350 1751 1455 1813 numia
1471 1751 1611 1836 probaro
1634 1774 1689 1816 co·

140 1857 201 1918 sint
224 1850 398 1916 Eudoxias
431 1849 622 1913 Theodosii.
664 1851 754 1912 Sane
786 1849 887 1928 gomi·
942 1846 1103 1916 nubimur.
1280 1915 1281 1920 ,

139 1950 887 2034 naeversucstinnomisinscriptis‘EVDO·
1149 1937 1153 1944 ’
1222 1997 1242 2034 4
1277 1952 1355 1994 ¹⁴⁵·
1387 2001 1406 2039 3

140 2059 224 2130 xta,
270 2053 427 2130 Accedit,
457 2074 589 2115 numum
616 2053 756 2116 similem
779 2052 887 2135 soepi-
1006 2053 1098 2128 Haec
1116 2051 1249 2116 sirecte
1265 2053 1418 2132 observo,
1441 2057 1556 2141 dequo
1569 2056 1691 2138 judica·

141 2160 302 2244 grepbum
318 2173 402 2240 ‘typo
427 2156 532 2219 crucis
549 2156 634 2216 iutra
653 2155 796 2217 laureum
820 2177 884 2216 nou
943 2153 1182 2227 bossemont,
1206 2157 1352 2219 Eudocia
1376 2157 1556 2222 Theodosii
1581 2154 1690 2224 'certos

140 2275 311 2343 repertum
336 2261 437 2322 luisse
460 2259 625 2321 Bendurio
644 2269 719 2320 ante
742 2257 888 2324 Valenti·
946 2277 1021 2320 suos
1040 2257 1137 2319 habet
1158 2253 1290 2331 numos,
1313 2272 1344 2320 at
1360 2259 1465 2325 miuus
1484 2274 1592 2324 certos
1609 2261 1692 2326 haec

140 2365 270 2426 ιιίιιιιιιιι
298 2365 343 2438 1.,
374 2363 488 2424 sedet
514 2361 600 2422 hunc
623 2361 729 2443 ipsum
758 2360 809 2439 ajo
825 2363 887 2428 Va·
944 2373 1055 2424 nostra
1075 2357 1227 2422 ¹brondii.
1271 2359 1374 2422 Forte
1407 2359 1483 2424 huic
1514 2364 1615 2425 tutius
1637 2384 1693 2445 ap-
1775 2391 1780 2403 ·

137 2465 318 2529 lentinisno
354 2467 412 2528 lll.
450 2462 708 2538 restituendum,
746 2463 819 2550 quin
853 2463 886 2523 in
944 2460 1059 2544 plicari
1074 2448 1487 2546 possunt'uumiinscripti:
1511 2464 1691 2530 GLORIA.

139 2569 233 2650 sajo·
258 2565 367 2627 nouis
401 2551 505 2628 cernis
538 2565 592 2626 oss
629 2578 724 2645 typus
754 2563 889 2639 ouon·
943 2563 1251 2638 nominentur,
1301 2564 1381 2627 veto
1414 2564 1563 2632 sunvs.
1601 2568 1717 2632 uses..v

138 2668 226 2745 rius,
250 2683 284 2730 et
301 2667 426 2732 fatente
441 2669 513 2750 ipso
530 2663 695 2736 Bandurio
711 2649 907 2738 discrimen
945 2664 1182 2740 PVBLICAE,
1215 2683 1296 2746 quus
1317 2665 1486 2730 Eudoxias
1514 2669 1610 2752 ‘alteri
1636 2667 1692 2730 tri·

139 2773 226 2833 inter
245 2769 347 2832 trium
365 2769 667 2836 Valentinianorum
693 2787 888 2830 numnsnon
946 2768 1014 2834 buit
1039 2767 1232 2831 Bondurius.
1278 2765 1345 2830 Sed
1370 2767 1466 2848 vide,
1490 2789 1572 2854 quae
1598 2790 1693 2856 prae·
1820 2837 1825 2844 ι
1865 2749 1867 2756 ’

140 2892 270 2958 semper
299 2870 464 2954 liquidum
495 2885 554 2934 est.
596 2871 679 2934 eum
707 2870 808 2953 igitur
836 2871 890 2934 hic
947 2883 1040 2934 terea
1058 2871 1091 2932 io
1108 2871 1169 2935 hac
1184 2867 1376 2932 notabimus.

670 3315 676 3320 ·
771 3299 1062 3382 convontus.
1145 3260 1150 3267 ’

203 3495 337 3582 Putrem
363 3497 478 3560 babuit
496 3497 719 3562 Theodosium
738 3495 783 3562 bl.
795 3543 805 3580 ,
828 3497 891 3561 m'a·
950 3499 1043 3574 nitur,
1071 3491 1132 3576 sed
1145 3518 1172 3560 ,ι
1197 3495 1353 3562 militibus
1377 3518 1451 3563 cum
1472 3497 1541 3561 lilio
1565 3501 1694 3564 Euche-

139 3617 225 3665 trem
246 3601 322 3664 Ael.
346 3597 553 3676 Flaccillam,
583 3617 676 3665 natus
704 3604 893 3688 anuoydlllr.
949 3601 1001 3662 rio
1037 3602 1212 3664 Ravennae
1250 3602 1420 3665 occiditur.
1464 3604 1507 3666 At
1542 3602 1693 3666 Alaricus

140 3705 311 3768 Decennis
336 3725 355 3768 a
379 3713 472 3786 patre
494 3702 598 3766 dictus
620 3703 805 3787 Augustus,
829 3704 892 3765 boo
948 3703 1080 3765 nemine
1105 3701 1282 3784 obsistente
1304 3705 1447 3767 Romam
1474 3704 1621 3785 obsidet,
1644 3726 1696 3770 cs·
1728 3705 1734 3713 “

141 3829 228 3870 suno
253 3803 317 3886 ³95
335 3819 466 3867 mortuo
489 3807 551 3868 sub
575 3807 765 3869 Stilichonis
786 3795 892 3868 ⁴tutela
947 3821 1100 3886 piamque
1125 3825 1209 3867 anuo
1234 3814 1296 3879 4¹⁰
1325 3805 1454 3889 diripit,
1483 3807 1594 3888 paullo
1621 3821 1696 3888 post

143 3907 324 3971 occidenti
343 3905 496 3986 praelusit.
536 3909 705 3993 Principio
725 3909 800 3971 satis
817 3927 893 3989 pro·
926 3907 982 3967 'in
1008 3904 1152 3970 Africum
1180 3907 1332 3989 trajicere
1354 3929 1470 3990 parans
1493 3909 1528 3970 iu
1550 3909 1694 3978 Lucania

142 4029 242 4095 spera
267 4029 348 4071 usus
376 4008 507 4071 fortuna
528 4008 703 4074 Gildonem
727 4007 892 4080 ianfrica
949 4008 1099 4072 moritur.
1146 4009 1327 4072 succensor
1360 4009 1541 4092 Atsulphus
1576 4011 1694 4074 relicta

140 4111 327 4186 rebellem,
359 4111 442 4174 alios
471 4109 549 4172 alibi
572 4111 785 4195 cumpescuit.
830 4109 892 4174 Sti·
950 4110 1041 4174 ltalia
1070 4110 1103 4171 io
1137 4109 1274 4172 Galliam
1310 4129 1504 4184 conversus,
1532 4109 1589 4188 phi
1613 4111 1696 4174 ,Gal-

142 4214 235 4278 lietu
260 4211 430 4276 Alaricum
451 4209 654 4292 Gothorum,
674 4212 892 4298 Iladogsisum
949 4213 1014 4276 lum
1044 4209 1220 4276 Placidiam
1259 4209 1353 4272 fratri
1390 4212 1541 4274 Honorio
1578 4211 1697 4277 obduc-
1768 4221 1789 4234 ”

140 4319 340 4380 Hunnorum
367 4333 466 4396 reges
494 4329 651 4400 occupata
685 4315 750 4399 jum
786 4313 893 4378 media
950 4331 1016 4380 tum
1038 4315 1100 4379 sibi
1129 4313 1334 4377 matrimonio
1358 4299 1527 4393 junxerat,
1559 4312 1636 4376 iude
1663 4316 1696 4377 in
1717 4365 1734 4404 ¹.

143 4417 234 4480 ltalia
259 4419 366 4481 elatus
389 4413 579 4484 clarissimis
601 4413 748 4482 victoriis
764 4435 895 4500 repres-
950 4417 1157 4502 Hispaniam,
1180 4415 1364 4482 Barcinoue
1388 4432 1406 4474 e
1427 4413 1537 4476 medio
1557 4415 1696 4480 tollitur.

146 4519 189 4582 sit
217 4521 370 4604 quidem,
406 4539 521 4582 rernm
550 4520 614 4602 jam
646 4533 713 4583 tum
744 4519 895 4602 potiundi
951 4521 1046 4580 luter
1063 4519 1121 4582 has
1150 4517 1184 4578 in
1203 4515 1294 4579 ltalia
1323 4513 1433 4578 turbas
1456 4515 1629 4602 Alamanni
1652 4519 1699 4594 ri·

145 4621 276 4708 imperii
308 4619 448 4686 consilis
477 4621 620 4704 agitans,
651 4621 820 4686 Alaricum
859 4619 894 4684 iu
952 4621 1058 4687 cinam
1072 4619 1210 4703 Alpibus
1229 4615 1455 4694 Germaniam,
1476 4619 1596 4684 Franci
1614 4619 1697 4692 Pha·

150 4713 287 4804 ltaliam,
319 4723 406 4790 ulios
432 4721 591 4788 barbaros
619 4721 653 4788 io
676 4723 813 4790 Gallium
846 4723 896 4786 in·
950 4719 1111 4788 romundo
1145 4719 1240 4810 duce.
1260 4719 1399 4785 Gallium
1423 4721 1602 4886 ἱξόιῐςίιιιιι
1640 4743 1697 4788 uc·
1789 4731 1795 4742 '

981 4843 988 4852 ·
1475 4842 1492 4885 s
