4230 5490
421 491 468 554 eo
924 396 1389 540 colsrllrmvs
1433 457 1481 534 Μ.
1579 425 1619 486 ‘·

424 652 575 734 uitaeque
593 647 705 708 lurum
731 663 839 709 amare
865 641 1072 726 perstrinxit,
1100 653 1169 700 tum
1216 647 1376 706 'intentur
1422 645 1504 720 Ejrtr
1524 644 1650 724 quidem
1667 645 1757 705 numi
1774 647 1963 724 exemplario

426 769 460 820 et
483 752 605 816 comam
632 748 826 810 muliebrem
853 745 886 806 in
918 743 1050 808 medum
1077 763 1172 804 orna·
1227 747 1888 823 omneaRomaniimperiifineaperraaere.
1909 749 1964 812 lle·

426 871 512 930 tam,
544 868 576 915 et
601 871 683 935 qeae
714 849 759 928 ibi
782 847 844 910 elia
863 846 896 908 id
920 867 1023 929 genua
1049 847 1172 929 probra
1228 865 1302 908 rum
1331 845 1393 906 niai
1416 863 1615 925 magnopere
1644 843 1758 920 fallor,
1788 846 1875 909 huuc
1897 869 1966 932 qun·

425 959 520 1022 reiut
546 957 579 1016 in
597 949 847 1034 Sardanapalum
870 949 1172 1032 aliquemjnaligne
1231 967 1293 1030 que
1333 947 1446 1029 capitia
1477 947 1608 1010 modum
1640 947 1801 1025 lulianua,
1838 961 1874 1012 nt
1902 951 1966 1032 ejua

422 1059 614 1144 deapnit¹).
658 1049 1174 1119 ConfirmatiathaeeChronicon
1233 1049 1357 1124 omnia,
1389 1047 1514 1110 deriaui
1545 1049 1661 1130 hubet3
1694 1070 1766 1110 nam
1799 1049 1863 1114 hue
1885 1053 1969 1116 colli·

427 1159 702 1232 Alexandrinum,
733 1175 798 1240 quo
830 1166 914 1216 teate
946 1153 1175 1216 Constantinus
1232 1149 1498 1225 maaaeridetur‚
1522 1172 1596 1214 eum
1620 1164 1728 1218 narrat
1747 1149 1800 1231 d),
1823 1151 1969 1216 Conrtau.

430 1261 576 1328 emnium
602 1263 727 1342 primata
751 1261 827 1322 tulit
851 1261 1001 1320 άίαιίοηια
1028 1266 1176 1320 ornatum
1232 1255 1334 1315 tinum
1365 1254 1398 1314 ln
1442 1253 1579 1316 deo'rum
1619 1252 1794 1314 concilium
1831 1269 1970 1319 renatam

429 1365 638 1445 morparitia,
670 1361 806 1444 aliiaque
832 1359 991 1442 pretioaia'
1004 1355 1176 1439 lapidibua.
1196 1370 1199 1380 ·
1232 1353 1441 1437 juxtaLunae
1461 1355 1562 1417 limen
1576 1355 1783 1433 adhaeaiaa03
1805 1361 1971 1434 eanrenint,

432 1465 608 1546 Syneeiua,
639 1483 713 1524 cum
735 1463 768 1522 in
799 1481 897 1524 aurea
927 1481 982 1522 aua
1003 1481 1070 1540 περι
1092 1463 1177 1530 βασι·
1232 1455 1333 1520 rerba
1356 1469 1430 1518 aunt
1452 1457 1703 1538 eiuafproraaar
1726 1460 1906 1536 deperibat,
1930 1468 1974 1520 tn·

430 1571 518 1640 λείως
534 1563 682 1628 oratione
702 1563 854 1625 libertate
873 1561 946 1644 plua
962 1581 1055 1646 quam
1076 1560 1177 1624 Grae·
1234 1569 1346 1640 turpare
1369 1561 1405 1620 ira
1430 1581 1501 1624 eam
1526 1564 1653 1620 intuerer
1681 1561 1766 1620 nihil
1779 1563 1819 1620 da
1843 1563 1973 1622 victoria

431 1687 469 1731 ea
501 1665 648 1740 Arcadii,
679 1677 713 1726 et
743 1665 812 1748 ejua
850 1663 962 1728 aetalia
992 1663 1177 1748 principum
1235 1654 1416 1723 elaeatae
1439 1658 1730 1744 Sanegeatuahie,
1753 1679 1973 1743 quemnamur

429 1770 544 1832 luxum
577 1765 814 1849 deutringeret,
843 1767 876 1830 in
900 1767 981 1828 haee
1009 1765 1107 1828 verba
1132 1763 1178 1826 lo·
1236 1761 1360 1836 refert,
1398 1775 1448 1826 eet
1476 1761 1615 1822 hominia
1650 1759 1758 1822 lunam
1790 1776 1845 1824 aut
1875 1763 1974 1826 nidera
2057 1843 2060 1850 ⁴

433 1871 544 1956 quitur
573 1869 772 1952 interprete·
794 1869 930 1932 Petreio
955 1865 1006 1949 b):
1041 1889 1179 1950 quonam
1234 1863 1458 1946 auapieientia3
1480 1859 1684 1940 undejocua.
1728 1861 1839 1924 Nolim
1853 1865 1976 1949 utrique

433 1988 571 2055 ternpore
587 1977 748 2036 Romanoa
761 1993 812 2035 rea
827 1975 940 2034 malina
955 1972 1180 2031 aerolabuiaae
1232 1967 1393 2048 oet·ipaeri
1420 1967 1453 2026 in
1475 1985 1568 2027 eauaa
1590 1976 1765 2045 praesente
1782 1986 1911 2030 omnem
1928 1967 1978 2030 ha·

430 2065 556 2160 prefer?
576 2095 651 2138 rerem
666 2095 711 2136 ee
726 2096 788 2158 prro
800 2074 970 2160 parmoti
986 2081 1019 2133 et
1034 2071 1180 2130 inaurati
1239 2067 1312 2130 lieri
1328 2065 1453 2146 fidem,
1480 2085 1619 2150 quorum
1639 2065 1701 2128 ille
1721 2067 1754 2126 in
1774 2069 1979 2134 Conatantino

433 2183 527 2252 ertia,
549 2179 742 2260 iaptlterqate
757 2195 799 2236 ee
821 2177 980 2236 monerem
998 2182 1031 2233 et
1044 2173 1180 2242 barbaro
1237 2181 1298 2234 ado
1320 2169 1366 2228 nil
1386 2169 1452 2232 niai
1474 2181 1619 2232 nanctum
1641 2187 1675 2234 et
1704 2174 1871 2246 eoeleste,
1900 2174 1981 2236 alter

433 2283 518 2344 mari
533 2281 696 2362 quaeritne
713 2279 798 2338 efioa
814 2277 990 2348 redimine,
1012 2275 1097 2335 aliea
1111 2271 1182 2332 artb-
1239 2273 1285 2334 nil
1306 2271 1367 2332 niai
1392 2274 1499 2334 aannia
1518 2286 1557 2334 et
1574 2276 1764 2358 -npprobriia
1784 2275 1918 2357 dignum
1940 2274 1985 2337 vi·

436 2384 565 2462 fipatia,
595 2381 681 2440 aliea
706 2379 851 2456 cimicia,
882 2379 967 2436 afioa
990 2377 1181 2453 appenditie,
1238 2375 1305 2438 det.
1349 2374 1451 2436 Forte
1484 2377 1573 2438 aliud
1598 2377 1809 2442 Cenatantine
1839 2373 1984 2460 properi·

435 2485 521 2544 alios
534 2481 696 2561 fibularia,
719 2483 803 2540 aliea
819 2477 991 2540 inridetia?
1029 2477 1079 2536 Ne
1101 2493 1181 2536 vero
1240 2491 1306 2538 tum
1325 2496 1390 2540 non
1411 2475 1491 2552 fuit,
1513 2499 1608 2561 quam
1632 2493 1667 2540 ut
1687 2473 1985 2552 aimiliavideretut·

266 2561 269 2568 ⁴
300 2623 303 2628 -
412 2579 705 2663 ‘intemperantiae
738 2578 907 2642 videretur
938 2578 1088 2674 locutpa,
1118 2574 1182 2658 jam
1239 2579 1429 2642 Alexandro
1450 2583 1514 2656 M..
1556 2603 1654 2666 quem
1681 2581 1848 2644 aimillimo
1874 2579 1984 2644 babitu
2041 2599 2051 2620 ·

436 2703 533 2767 aupra
550 2681 769 2746 offertionem
786 2678 898 2744 vitarit
912 2677 1076 2762 hoeuaua
1090 2697 1185 2762 prae·
1240 2679 1342 2744 fuiaae
1366 2679 1510 2744 effictum
1529 2704 1594 2745 non
1620 2685 1798 2766 reriptnrea
1818 2682 1916 2745 modo
1935 2701 1990 2746 re·

436 2787 551 2872 loquio
567 2788 616 2868 ⁰):
640 2791 707 2850 Nec
720 2785 805 2846 enim
816 2785 907 2846 iatud
918 2791 975 2843 tra
990 2786 1084 2861 cupa
1096 2803 1185 2848 com·
1240 2796 1348 2857 terea,
1371 2783 1430 2844 aed
1451 2798 1484 2846 et
1500 2785 1630 2850 reaidua
1649 2797 1856 2848 monumenta
1871 2795 1990 2846 teaten-

438 2894 585 2964 miararm,
607 2891 792 2958 cedrorum,
808 2885 1082 2966 quiprirnimorbi
1095 2885 1186 2944 illiue
1242 2899 1316 2960 tur,
1337 2897 1373 2946 ut
1396 2885 1567 2948 donuimua
1591 2887 1625 2948 in
1646 2887 1716 2970 ejua
1741 2885 1830 2969 regia
1849 2897 1990 2956 moneta.

436 2993 803 3068 auetoreaerrtitamnt,
822 2994 1003 3066 portentque
1016 3005 1087 3046 eam
1104 3005 1187 3046 amu·
1242 2987 1344 3050 Forte
1366 2999 1400 3050 et
1421 2987 1569 3052 diadema
1597 2989 1637 3052 ab
1660 2987 1724 3052 hoe
1748 3002 1910 3052 mutuatur
1931 2998 1992 3058 eat,

440 3081 1189 3173 moinpretioiuiitamtamporumraaccear'ioati
1221 3078 1310 3174 “quo
1333 3089 1457 3172 primur
1491 3089 1726 3176 imperatorum
1757 3105 1853 3175 eaput
1879 3091 1993 3164 cinxit,

441 3200 650 3258 tradiderunt.
675 3188 803 3282 Quibna
817 3185 929 3272 rerbia
948 3185 1189 3270 auglllariCpn·
1245 3192 1410 3256 nimirum.
1423 3203 1459 3252 ut
1475 3203 1509 3253 et
1530 3192 1594 3254 hoe
1609 3213 1683 3256 eum
1707 3193 1870 3269 referret,
1886 3213 1995 3276 ¹‹paeru

442 3297 711 3370 ttarrtirum‚1ex
741 3291 839 3352 modo
870 3290 965 3352 dicti!
996 3289 1109 3372 colligi
1131 3307 1189 3372 po·
1244 3293 1365 3356 imitari
1383 3292 1528 3357 volebat.
1578 3291 1666 3385 Quid
1694 3299 1782 3380 quod
1805 3295 1846 3360 ab
1872 3294 1997 3358 eodem

443 3411 515 3462 teat.
927 3437 930 3448 .
1234 3399 1386 3462 Marma·
1417 3395 1564 3474 titulum,
1604 3417 1670 3479 quo
1700 3419 1799 3480 saepe
1824 3399 1862 3460 in
1885 3393 1999 3460 numia

506 3493 755 3562 Obaerraudum
777 3491 919 3575 denique
946 3491 1089 3574 caputia
1115 3509 1189 3552 coe·
1245 3499 1362 3572 utitur,
1394 3498 1522 3580 cepisse
1549 3495 1682 3560 videtur
1711 3513 1803 3564 aucta
1833 3499 1865 3560 in
1888 3499 2000 3584 majua
2057 3541 2060 3544 -

444 3601 512 3662 lum
528 3597 679 3670 intuens,
702 3595 797 3677 quale
815 3613 913 3674 aaepe
932 3591 965 3654 in
988 3593 1095 3655 aureia
1111 3592 1189 3674 ejus
1248 3599 1404 3674 vanitate,
1433 3619 1512 3662 cum·
1528 3599 1702 3664 Macedoni
1726 3601 1860 3664 nunniti
1881 3607 2003 3684 Μαρια·

415 3757 423 3774 ,
446 3697 674 3785 argenteisque
691 3697 798 3756 numia
816 3694 977 3768 onuurrit,
996 3695 1091 3756 nullu
1110 3695 1190 3756 alte·
1248 3700 1392 3782 elogium
1413 3699 1634 3778 tribueretur,
1662 3700 1708 3763 'de'
1727 3723 1790 3786 que
1809 3702 1885 3766 vide
1900 3703 2004 3788 plura

446 3829 484 3868 ro
510 3815 584 3865 aute
610 3819 648 3862 ao
673 3790 786 3880 poatea
807 3793 971 3876 exemplo.
1014 3795 1190 3862 Audiamus
1246 3801 1331 3864 infra
1360 3801 1421 3864 aub
1444 3802 1543 3866 finem
1569 3804 1602 3866 in
1625 3805 1816 3869 nominibua
1840 3806 2006 3868 Constan-

448 3909 645 3990 aeriptorurn
663 3897 705 3960 de
728 3899 791 3960 line
803 3895 958 3980 eorporia
974 3895 1087 3960 habitu
1109 3898 1192 3979 judi·
1247 3902 1319 3968 tini.
1362 3903 1537 3968 Huefanit
1556 3907 1765 3989 cumprimia,
1798 3905 1886 3990 qued
1913 3905 2011 3968 mili-

404 4077 409 4096 ,
448 4013 511 4074 nia.
540 4011 588 4068 Ae
606 4001 713 4086 primo
738 3997 867 4082 quidem
883 3999 1044 4062 Euaebiua
1061 4001 1095 4062 in
1111 4003 1192 4065 haee
1249 4003 1327 4068 teria
1352 4005 1478 4088 gloriae
1499 4005 1599 4070 fuiaae
1623 4007 1909 4094 adpetentiaaimna
1936 4011 2011 4072 Eu-

449 4111 568 4177 verba:
599 4115 644 4180 At
657 4121 732 4166 uero
747 4113 871 4186 peraeta
887 4107 937 4166 ria
948 4106 1105 4184 serrantia
1114 4109 1195 4187 fidei
1254 4106 1364 4190 tropio
1392 4106 1530 4174 dicatur.
1574 4109 1668 4174 lfane
1698 4111 1757 4174 ille
1781 4110 2013 4198 cupiditatem

423 4267 430 4278 ,
452 4221 521 4294 ejus
533 4210 777 4293 sueritnraimae
796 4208 914 4286 infixa,
936 4209 990 4267 vat
1007 4227 1044 4269 eo
1060 4211 1133 4290 quir
1149 4211 1196 4268 ira·
1254 4208 1283 4270 ai
1308 4208 1487 4292 paullulum
1513 4210 1667 4294 intendit,
1695 4232 1741 4286 eu
1762 4213 1819 4274 tibi
1844 4213 2018 4286 continno

453 4303 599 4395 reuirat,
621 4312 709 4394 quod
722 4311 759 4370 in
774 4309 879 4370 muria
895 4311 1067 4370 aureiaita
1085 4311 1198 4388 inrapi-
1254 4310 1410 4387 alteram,
1432 4326 1469 4376 ut
1489 4331 1556 4374 nnn
1577 4307 1676 4378 modo
1696 4335 1809 4377 rernm
1835 4331 2023 4399 gratarum

454 4437 525 4479 m
550 4433 643 4477 marra
665 4407 966 4492 aeprimieatrarit,
985 4411 1199 4474 attrr'cteretur
1249 4411 1370 4490 'laude,
1401 4413 1461 4476 aad
1487 4431 1547 4476 ore
1572 4416 1684 4492 eu'am,
1714 4437 1753 4480 ae
1770 4431 1870 4500 geete
1893 4431 2026 4500 proto·

433 4533 581 4590 «meum
603 4515 722 4576 intrtari
742 4513 907 4590 precantia
933 4529 1020 4574 mure
1036 4513 1199 4574 inflatam
1247 4526 1355 4596 'appan
1371 4535 1465 4580 tuum
1477 4514 1636 4584 referret.
1681 4517 1774 4614 Quae
1795 4519 1848 4582 hie
1866 4519 1908 4584 de
1928 4522 2027 4584 Ale·

459 4659 2019 4694 m

499 4733 529 4804 a)
548 4728 579 4784 in
599 4726 697 4784 caen.
716 4719 771 4782 ml>
790 4717 841 4782 tin.
914 4721 1037 4800 mag.
1055 4701 1101 4790 it.
1175 4729 1206 4800 o)
1226 4727 1357 4805 Papae.
1432 4728 1466 4804 al)
1485 4727 1518 4792 iu
1538 4731 1640 4796 Caere.
1659 4733 1714 4794 rub
1734 4729 1783 4796 tiu.
