4226 5500
296 555 304 566 '
431 597 481 644 m
900 577 1516 652 commemoraturum

430 745 576 820 tabulae
589 743 742 836 addidit,
758 764 1079 846 repraesentantes
1099 773 1163 822 eos
1180 747 1239 822 vel
1258 747 1417 822 ineditos
1436 745 1598 822 relmale
1616 743 1818 846 explicatos
1833 769 1975 835 mimos,

432 905 528 979 quoe
549 880 647 954 inter
668 880 923 956 anecdotos
947 883 1111 956 nondum
1129 883 1383 982 descripserat.
1420 885 1463 953 1n
1481 881 1712 981 praefatione
1730 881 1843 980 hujus
1855 881 1975 980 operis

430 1013 867 1090 criminaaceleberrimo
888 1017 1105 1091 Pellerin
1120 1043 1143 1090 o
1165 1018 1237 1092 eibi
1258 1019 1405 1116 objecta
1421 1015 1593 1091 diluenda
1613 1016 1775 1115 potavit3
1795 1013 1975 1112 qniegre·

429 1149 511 1248 gius
534 1149 589 1222 rei
608 1151 798 1224 numeriae
817 1151 975 1251 scriptor
998 1149 1039 1223 in
1060 1149 1515 1251 praefationeVoluminie
1531 1151 1609 1226 Vll.
1635 1151 1791 1238 arvus,
1812 1172 1975 1220 necnon
2069 1177 2093 1190 ·*

428 1281 747 1358 iuAdditamentie
767 1282 1008 1361 edVolomen
1021 1289 1081 1360 1x.
1104 1286 1226 1386 operis
1246 1289 1303 1359 sui
1321 1285 1445 1386 paullo
1457 1283 1626 1358 acerbius
1641 1301 1867 1382 conquestos
1887 1297 1975 1370 erat,

430 1417 533 1517 quod
547 1417 689 1494 Eclthcl
704 1437 859 1510 noster,
887 1421 1022 1496 inuidia
1043 1422 1194 1510 ductos,
1220 1423 1428 1520 complures
1447 1423 1527 1518 ejus
1549 1441 1690 1490 errores
1709 1403 1838 1516 iniquo
1855 1419 1974 1489 animo

429 1551 623 1644 retexisse,
648 1554 707 1628 vel
725 1555 877 1628 omnino
901 1554 1017 1630 falsos
1036 1557 1072 1630 ci
1088 1557 1286 1656 imputasse
1304 1555 1500 1629 videretur.
1525 1551 1685 1640 Ecbhel,
1709 1552 1816 1651 cujus
1835 1551 1975 1623 animoa

418 1685 477 1761 ab
495 1687 633 1762 invidia
654 1715 804 1790 semper
823 1689 937 1790 longe
962 1689 1124 1780 alienor,
1150 1689 1190 1764 id
1216 1688 1319 1790 quod
1347 1687 1515 1787 dignitati
1538 1712 1628 1762 enea
1658 1684 1788 1762 deberi
1818 1681 1973 1774 videbat,

428 1841 498 1920 pro
519 1817 746 1900 humanitate
768 1847 836 1901 sua
856 1825 946 1900 mite
966 1823 1177 1928 respondite
1201 1823 1257 1899 rei
1280 1821 1468 1900 numeriae
1490 1818 1682 1898 scientiam
1715 1835 1774 1894 tot
1796 1843 1841 1894 ec
1855 1835 1972 1896 unns

429 1955 615 2030 involvere
634 1955 890 2050 difficultates,
914 1977 957 2034 ut
974 1959 1176 2034 doctissimi
1197 1976 1234 2030 et
1254 1955 1484 2032 celeberrimi
1505 1931 1646 2055 quique
1664 1952 1834 2027 homines
1853 1951 1892 2024 in
1912 1951 1974 2024 eli·

431 2106 524 2189 quot
557 2115 700 2166 errores
729 2091 852 2167 delabi
879 2095 1045 2192 possint,
1071 2094 1163 2194 quin
1191 2091 1408 2168 existimatio
1436 2089 1483 2164 de
1513 2091 1633 2166 solida
1661 2106 1700 2164 et
1724 2082 1972 2164 rasta‘eornm

430 2224 640 2299 eruditione
671 2223 786 2298 ullum
810 2229 942 2304 exinde
967 2229 1225 2304 detrimentum
1253 2227 1422 2328 patiatur.
1461 2227 1554 2302 Nem
1577 2223 1680 2315 lieri,
1704 2239 1768 2314 ut,
1795 2219 1835 2294 in
1862 2219 1970 2320 expli·

430 2355 559 2430 caudis
580 2358 702 2431 numia
720 2357 919 2450 vetelibus,
949 2361 1040 2436 alius
1060 2362 1133 2437 alio
1151 2359 1412 2462 praestantiori
1437 2358 1635 2458 exemplari
1652 2375 1787 2446 utatur,
1808 2353 1971 2454 adeoque

429 2514 505 2564 ram
523 2489 653 2566 melius
669 2508 805 2591 tanget.
831 2481 964 2595 Quoad
983 2521 1126 2572 errores
1149 2513 1291 2586 autam,
1318 2519 1411 2594 quos
1428 2492 1633 2566 Pellerinna
1658 2489 1753 2564 falso
1773 2487 1846 2564 sibi
1858 2489 1968 2588 impu-

430 2638 526 2698 tatos
544 2643 762 2717 asseruerat,
784 2628 927 2702 Eclshel
943 2613 1107 2704 criticam
1125 2657 1229 2705 suam
1252 2626 1478 2729 argumentis
1492 2623 1790 2702 luculentissimis
1803 2622 1967 2698 firmavit:

430 2775 617 2832 caeterum
636 2761 753 2860 justas
771 2763 960 2836 Pellerino
980 2765 1108 2840 laudes
1127 2749 1303 2838 attribuit
1339 2766 1382 2835 In
1404 2763 1479 2837 fine
1500 2761 1612 2862 hujus
1631 2759 1791 2860 catalogi
1810 2754 1967 2834 notitiam

430 2889 642 2966 historicam
659 2893 706 2968 de
721 2897 853 2970 Museo
872 2897 1056 2974 Caesareo
1072 2897 1360 2974 Vindobonenei
1378 2896 1551 2972 adseruit.

502 3025 586 3100 ‚Ab
602 3030 675 3102 An.
691 3045 783 3125 1779
804 3057 923 3130 usquc
943 3032 991 3106 ad
1006 3035 1077 3111 An.
1099 3041 1213 3122 1186,
1234 3033 1376 3104 nullum
1396 3056 1490 3133 opus
1506 3027 1770 3104 Ecbbeliauum
1786 3025 1825 3098 in
1849 3023 1962 3098 locem

429 3157 578 3258 prodiit.
615 3163 698 3262 Quo
723 3165 897 3264 temporis
919 3166 1038 3265 spatio
1061 3167 1257 3266 interjecto
1273 3165 1415 3240 Eclthel
1433 3190 1585 3240 novam
1615 3161 1829 3261 syllogen
1856 3155 1964 3232 edidit

430 3317 625 3367 numerum
654 3311 817 3382 veterum
849 3299 1112 3374 anecdotorum
1136 3301 1192 3400 ⁸),
1219 3327 1314 3401 quos
1341 3299 1484 3372 interea
1519 3299 1559 3371 in
1585 3297 1762 3372 thesauro
1793 3293 1963 3370 Caesareo

429 3443 598 3526 repertos
617 3427 656 3502 in
673 3429 810 3506 classes
835 3435 1045 3534 systematis
1061 3435 1119 3508 eui
1139 3427 1344 3534 redegerat.
1368 3435 1471 3509 Haec
1490 3433 1674 3536 aylloch
1698 3429 1834 3507 tabulis
1850 3426 1966 3506 aeneis

429 3577 538 3634 aucta
557 3579 624 3635 est.
660 3561 856 3640 Caeterum
873 3567 1188 3644 continuationem
1207 3595 1286 3644 non
1306 3569 1446 3644 hebuit.

527 3693 668 3766 Eodem
702 3712 868 3797 tempore
900 3718 1030 3776 auctor
1054 3719 1183 3776 noster·
1216 3721 1255 3776 et
1286 3703 1589 3804 monograpbiem
1618 3699 1902 3774 numismaticam
1927 3693 1964 3788 h)

429 3824 649 3926 publicavit,
677 3853 749 3928 qua
767 3832 1012 3934 copiosiorem
1036 3837 1244 3936 systematis
1269 3837 1327 3910 eui
1348 3865 1454 3912 usum
1476 3837 1649 3913 ostendit.
1683 3835 1838 3924 Materia
1858 3831 1965 3930 hujus

429 3939 720 4062 monograpbiae
741 3981 798 4038 est
820 3969 1201 4074 mouetadntiocbiae
1216 3971 1358 4072 Syriae,
1386 3973 1493 4073 cujus
1510 3973 1551 4046 in
1572 3970 1820 4070 descriptione
1843 3982 1965 4041 auctor

430 4111 558 4169 noster
583 4097 772 4196 specimen
791 4101 879 4204 artis
903 4103 1051 4178 criticae
1067 4103 1108 4176 in
1127 4131 1168 4179 re
1186 4105 1351 4180 numeria
1373 4105 1549 4180 exhibuit.
1586 4107 1631 4179 Iu
1648 4103 1878 4206 praefatione
1900 4099 1964 4172 hu·

279 4225 302 4250 ''
428 4227 489 4326 jus
508 4229 677 4327 opusculi
694 4234 849 4332 primum
871 4235 1047 4337 loquutus
1064 4255 1122 4312 cst
1140 4237 1187 4312 de
1211 4237 1419 4314 doctrina
1449 4264 1655 4330 numerum,
1681 4263 1756 4338 qua
1777 4229 1964 4312 condenda

429 4374 520 4432 tunc
541 4365 801 4463 occupabatur.

526 4495 627 4570 Ante
648 4523 756 4598 quam
773 4525 867 4602 opus
885 4503 994 4602 hujus
1013 4503 1223 4597 doctrinae,
1250 4534 1323 4607 qua
1341 4509 1395 4581 rei
1414 4509 1601 4584 numeriae
1618 4481 1809 4608 scientiam
1823 4503 1964 4605 penitus

427 4661 1966 4710 -,-------..-..-...,-....-.....--

466 4749 497 4816 ³)
518 4749 637 4830 ,Sylloge
659 4755 714 4813 1¹¹²·
729 4779 885 4819 uumorum
902 4761 1114 4822 anecdotorum
1131 4767 1262 4824 thesauri
1277 4769 1425 4826 Caesarei.
1442 4767 1574 4827 Viennae
1593 4769 1678 4835 1786,
1697 4767 1729 4822 in
1742 4775 1795 4829 42⁰·

407 4875 418 4933 j·
465 4836 501 4909 b)
522 4843 686 4922 Descriptio
699 4871 855 4912 numerum
868 4858 1040 4917 Antiochiae
1054 4860 1173 4934 Syriae,
1193 4862 1254 4919 sive
1269 4863 1420 4938 specimen
1436 4864 1504 4922 artis
1520 4861 1818 4942 criticae‘uumariac.
1836 4859 1963 4920 Viennra

419 4947 424 4956 '
522 4941 601 4998 1786.
