4244 5484
417 437 489 522 auo
1044 423 1239 501 cantu
1277 395 1345 499 nt.

332 584 335 598 '
417 622 513 685 m„
536 613 709 690 affigam,
733 605 1164 692 Titua,'1'utjunua,Auto·
1222 609 1331 694 putat,
1362 603 1457 671 etiam
1485 606 1563 670 iude
1584 605 1603 671 i
1623 606 1763 674 Balbino
1789 591 1961 696 nequead

416 727 513 786 niun,
540 717 642 794 Pina,
670 717 714 780 Μ.
746 711 910 778 durelina.
947 713 1076 786 Altera,
1101 729 1165 795 qut
1195 709 1380 776 'Cltlorntn
1395 711 1575 796 junioribus
1590 713 1745 795 Auguatit
1760 714 1826 774 n'on
1843 713 1965 778 nudum

417 829 465 890 n,
481 823 636 888 Aureliae
653 821 691 882 L.
710 821 852 891 Verum,
875 811 995 876 deinde
1014 815 1165 876 Commo·
1221 809 1386 896 pontificia
1426 833 1509 877 max.
1548 811 1696 884 titulum,
1735 815 1796 876 ted
1834 813 1966 900 aliquod

418 929 514 1003 dnm,
551 925 694 987 Seuerou
728 909 945 994 caracallam,
984 927 1018 978 et
1047 915 1165 976 Getam
1223 913 1319 978 etiam
1331 914 1411 996 *ejua
1429 912 1618 977 exercitium
1637 913 1738 977 fultae
1757 917 1965 1000 permistum.

420 1030 482 1094 'albi
513 1025 721 1090 tociatetunt
750 1021 872 1084 collato
900 1017 999 1080 etiam
1027 1013 1167 1098 degutti
1223 1014 1383 1078 Abitinae
1415 1014 1455 1077 ab
1486 1017 1704 1098 argumentis,
1735 1019 1850 1104 quibua
1880 1035 1968 1085 uteu-

418 1131 571 1204 mmine,
600 1129 649 1190 tic
670 1139 799 1201 tamen,
828 1136 865 1186 at
886 1120 1090 1205 cingulorum
1113 1141 1167 1182 tu·
1224 1139 1288 1204 que
1305 1131 1513 1203 praesentem
1534 1139 1660 1181 cautant
1681 1123 1869 1199 confirmat,
1892 1125 1968 1208 quie

419 1233 553 1300 claritat
572 1231 606 1291 in
627 1247 741 1292 omnet
759 1245 863 1308 teque
883 1223 1015 1306 imperii
1033 1225 1072 1283 R.
1091 1241 1167 1306 pro·
1223 1219 1311 1284 iatud
1336 1219 1500 1306 praefixae
1529 1220 1696 1284 brevitatit
1720 1221 1803 1286 linea
1825 1227 1966 1306 excedit,

417 1337 541 1406 vinciat
564 1333 706 1406 ualeret,
728 1339 763 1390 ot
785 1346 886 1388 uuum
908 1339 1032 1388 tantum
1057 1323 1167 1387 etitti·
1224 1337 1258 1387 et
1279 1337 1450 1406 praeterea
1472 1320 1513 1387 td
1545 1323 1630 1388 hanc
1659 1323 1742 1388 nihil
1763 1327 1835 1412 cpia
1857 1327 1968 1393 conse.
2102 1357 2103 1376 t

419 1449 566 1502 manetur
583 1433 775 1517 imperium,
799 1429 861 1492 etti
878 1428 990 1510 planet
1006 1425 1056 1486 illi
1074 1445 1168 1512 prte-
1223 1438 1302 1490 runt
1323 1424 1424 1488 numi.

422 1552 543 1606 ettent.
587 1535 721 1611 Tertia,
744 1553 839 1618 qnam
860 1541 936 1614 pott
957 1527 1167 1605 Diocletiani,

388 1655 456 1708 ,et
491 1637 678 1704 Maximiani
715 1633 952 1699 abdicationem
992 1631 1168 1694 conutitue·
1546 1613 1575 1690 ἱ.
1596 1613 1652 1684 IV·
1734 1699 1738 1706 Ι

419 1739 732 1808 mnt·Conttantiut
762 1737 921 1852 Chlorut,
949 1745 983 1796 et
1005 1733 1078 1849 Galt
1100 1736 1169 1826 Mt·¹
1225 1771 1295 1849 Qu,
1325 1775 1462 1848 „mm
1492 1773 1635 1852 Am„-
1661 1771 1852 1852 pompam
1879 1791 1967 1837 ,m

418 1845 598 1918 mima,
627 1861 701 1906 eam
735 1839 771 1902 lai
804 1837 979 1920 importum
1013 1835 1166 1910 damete,
1412 1875 1573 1950 comm,
1593 1858 1776 1954 „pm-„mg

289 2016 298 2032 ‚
421 1959 457 2012 et
486 1945 676 2029 detignatte
705 1941 910 2028 provinciae,
940 1937 1166 2020 legionesque,

421 2068 505 2132 qnae
527 2047 664 2130 tingulit
686 2056 852 2128 ponerent.
888 2043 996 2126 Atque
1018 2053 1087 2102 tum
1108 2039 1168 2100 int·
1287 2036 1438 2120 Amplam
1454 2037 1535 2100 haec
1550 2037 1844 2122 quaestioeruditit
1859 2039 1969 2125 diapo-

419 2151 550 2238 perium
579 2147 710 2210 nunniti
735 2145 867 2206 nomine
892 2141 957 2206 dici
982 2163 1082 2206 uuam
1110 2157 1168 2224 po·
1223 2135 1313 2200 tandi
1348 2139 1517 2201 mateaiant
1554 2139 1788 2223 suppeditavit,
1824 2160 1967 2227 quot-unt

419 2253 501 2330 tuit,
527 2271 601 2316 nam
619 2249 775 2330 deincept
795 2245 899 2328 quivit
916 2244 1086 2329 permittit
1103 2241 1167 2306 tibi
1225 2241 1279 2304 elii
1294 2261 1474 2315 censuere,
1494 2243 1633 2325 primum
1647 2242 1749 2306 luiate
1765 2241 1968 2320 Gratianum,

419 2351 598 2440 provinciit
619 2369 744 2412 tumme
765 2367 839 2408 cum
863 2345 1054 2410 auctoritate
1073 2363 1168 2428 prte-
1224 2344 1278 2404 cal
1313 2363 1440 2406 tummo
1476 2344 1539 2407 ltoc
1577 2344 1748 2428 gentilium
1781 2346 1968 2410 tacendotio

418 2455 498 2531 tuit,
528 2454 606 2535 quin
636 2451 721 2514 altet·
749 2447 846 2510 elteri
876 2447 1038 2510 obnoxiat
1068 2458 1165 2522 eatet,
1192 2433 1197 2444 ’
1223 2440 1317 2529 fungi
1353 2445 1445 2510 uelat
1477 2447 1581 2508 vitum
1613 2460 1717 2524 estet,
1754 2463 1869 2514 contra
1902 2451 1971 2528 alii,

403 2557 494 2619 'tolo
516 2555 634 2616 relicto
661 2550 790 2612 unionit
811 2550 928 2631 tigno,
957 2547 1065 2634 quod,
1087 2565 1167 2609 cum
1223 2545 1286 2626 jam
1306 2569 1324 2609 a
1343 2549 1553 2612 Conttentinc
1572 2551 1634 2626 ld.,
1662 2551 1718 2636 qui
1736 2551 1860 2633 primnt
1876 2553 1972 2616 Clari·

420 2658 515 2741 leget
537 2655 577 2718 ab
592 2657 814 2736 duguatorum
837 2651 989 2735 quopiam
1013 2650 1096 2712 latae
1116 2647 1167 2709 iu·
1223 2647 1325 2712 atiena
1353 2671 1447 2714 atera
1474 2651 1643 2732 aptplexua
1664 2665 1733 2728 ett,
1761 2651 1846 2714 illud
1865 2653 1969 2718 fuine
1997 2729 1999 2732 .

365 2741 372 2756 '
421 2777 497 2835 ere,
528 2756 674 2838 adposita
705 2753 800 2817 lucre
829 2757 1042 2836 conlegarum
1064 2749 1167 2814 nomi·
1223 2751 1440 2834 repudiatum.
1488 2753 1598 2816 Priori
1620 2755 1801 2818 tententiae
1823 2753 1971 2820 adhaesit

419 2881 472 2923 na.
509 2857 683 2923 'Entrrttit
712 2855 763 2920 laia
796 2857 899 2919 tribua
921 2855 1037 2919 formio
1059 2853 1168 2936 arguit
1223 2855 1447 2939 Batoniuv),
1478 2856 1539 2916 etti
1562 2855 1641 2919 olim
1663 2857 1799 2918 alteram
1820 2857 1972 2940 praefer·

419 2962 560 3046 Pagina,
589 2979 693 3044 utque
724 2959 765 3021 ad
785 2959 957 3023 Balbinum
988 2970 1023 3021 et
1049 2955 1167 3039 Pupie·
1223 2971 1276 3020 ret
1299 2955 1352 3040 b),
1385 2955 1564 3019 adhaesere
1585 2957 1823 3022 etiamttoaiua
1846 2959 1879 3022 in
1903 2961 1973 3024 lan·

421 3063 500 3128 num
528 3081 595 3124 non
625 3062 726 3124 luitte
755 3062 820 3125 niti
846 3084 947 3124 unum
977 3053 1166 3144 pontilic'cm
1224 3059 1297 3124 data
1332 3059 1495 3142 plincipio
1533 3059 1778 3132 Exercitatione
1812 3062 1974 3128 tutariet

422 3157 617 3238 maximum,
639 3175 675 3226 et
697 3162 818 3226 dictum
840 3165 947 3230 altiua.
990 3163 1071 3226 Pott
1093 3160 1166 3237 hoa,
1212 3155 1265 3226 'dc
1317 3158 1472 3245 pontifice
1522 3181 1625 3237 man,
1677 3149 1897 3247 spanhemius
1921 3169 1973 3250 c),

422 3270 483 3343 ait,
511 3268 545 3330 in
568 3265 708 3328 obtcntc
728 3287 822 3344 etto,
851 3281 959 3330 utrum
982 3265 1088 3326 aolutn
1109 3281 1167 3326 ne·
1222 3263 1369 3335 Vandale
1393 3261 1444 3345 ἃ),
1482 3263 1641 3347 multique
1670 3264 1746 3342 alii,
1777 3287 1859 3350 quot
1890 3289 1974 3332 enu-

421 3389 499 3434 ttten
520 3367 683 3452 pontificia
706 3389 790 3432 max.
807 3389 882 3432 eunt
903 3369 1085 3452 iunioribut
1102 3368 1168 3429 Au·
1223 3379 1328 3428 metat
1344 3365 1472 3427 Boaiua.
1501 3365 1608 3428 Alteri
1624 3367 1805 3431 tententiae
1823 3388 1900 3431 aete
1919 3391 1976 3454 ap·

422 3471 523 3554 gnatia
554 3470 825 3534 communicatum
856 3471 976 3548 fuerit,
1013 3483 1047 3533 et
1075 3483 1168 3558 poto-
1223 3467 1372 3554 plicuere
1409 3468 1474 3532 cel.
1505 3467 1642 3531 lacobua
1672 3467 1901 3533 Gothostedue
1938 3472 1976 3534 in

420 3583 486 3637 ttat
514 3591 617 3656 penet
645 3591 743 3632 unum
772 3574 985 3649 tentaterit,
1015 3593 1055 3637 an
1084 3589 1166 3636 veno
1223 3571 1378 3656 apicula,
1401 3589 1497 3653 quam
1519 3571 1650 3634 nomine
1671 3575 1916 3638 IuliiPlcet'da‘t'
1934 3577 1977 3636 de
2082 3627 2089 3640 .

421 3673 458 3736 lti
480 3691 611 3756 quoque
631 3671 666 3732 in
688 3675 857 3755 potentatit
887 3673 1088 3738 coutentium
1110 3691 1165 3736 vo·
1222 3677 1392 3736 interdicto
1404 3676 1595 3736 emanante
1610 3697 1682 3738 caet
1695 3677 1874 3756 pontillum
1887 3697 1977 3740 cotn-

420 3775 486 3839 eeti
513 3773 645 3836 luetint.
688 3775 731 3835 tt
761 3775 845 3837 lacta
872 3775 1003 3836 demuto
1033 3773 1165 3857 imperii
1221 3780 1371 3839 munione
1390 3780 1538 3840 (leaenae
1554 3756 1671 3852 edidit,
1694 3775 1813 3856 Pagina
1830 3777 1877 3858 ⁸),
1904 3776 1977 3839 Til·

357 3925 359 3928 -
420 3875 581 3942 divisione
611 3877 775 3958 Auguttot
810 3895 924 3938 omnet
947 3865 1024 3938 'nou
1056 3876 1164 3938 tolum
1222 3876 1398 3940 lemontiua
1411 3875 1462 3957 Ι),
1483 3897 1522 3940 ac
1543 3891 1619 3961 poet
1635 3879 1723 3942 aliut
1735 3897 1844 3959 nuper
1858 3880 1978 3964 eopio-

420 3997 566 4044 tummte
588 3977 683 4062 hujut
706 3978 872 4060 dignitatia
893 3999 1031 4054 nomen,
1052 3979 1110 4040 ted
1133 3991 1167 4042 et
1224 3979 1291 4041 eiua
1338 3977 1488 4042 eruditae
1537 3977 1635 4040 abbat
1678 3980 1895 4042 Hazeolenut
1930 3983 1978 4061 a).

420 4101 600 4152 connexam
617 4097 690 4144 oum
710 4081 773 4144 hoc
790 4093 986 4164 poteatatem
1003 4080 1166 4142 habuitne.
1223 4081 1405 4166 Vtramque
1420 4080 1616 4143 coutentium
1632 4082 1785 4166 expantia
1797 4083 1980 4168 uta-ineque

420 4185 458 4246 ln
477 4183 627 4246 omnihus
649 4183 700 4246 hia
722 4203 796 4246 enm
817 4181 918 4264 Pugio
942 4182 1094 4244 convenit
1114 4181 1166 4242 Bi·
1223 4182 1326 4266 ptr'tit
1355 4183 1556 4265 augumentit
1583 4181 1616 4242 in
1644 4171 1812 4261 taverunt,
1840 4205 1881 4248 ac
1903 4185 1982 4249 fon·

420 4287 551 4364 mando,
580 4285 644 4348 nial
670 4283 761 4368 quod
790 4283 845 4348 tic
867 4284 963 4368 plane
987 4272 1165 4349 veuiaimile
1223 4297 1307 4347 tatae
1331 4297 1470 4370 propter
1489 4303 1602 4349 netum
1623 4285 1752 4370 copiam
1771 4285 1876 4349 nitio
1895 4307 1982 4370 pro·

359 4528 364 4539 '
457 4519 488 4588 a)
507 4519 583 4572 Anu.
604 4514 675 4572 eccl.
695 4513 734 4572 ad
754 4529 821 4570 ann.
842 4511 912 4572 Chr.
931 4525 995 4578 312.
1033 4511 1067 4586 b)
1086 4511 1153 4570 Not.
1174 4513 1206 4572 in
1224 4513 1377 4591 taattyrol.
1396 4515 1480 4573 Rom.
1501 4514 1541 4572 ad
1560 4517 1638 4574 diem
1657 4529 1702 4580 τι.
1721 4521 1796 4596 Aug.
1833 4521 1979 4591 c)Tom.

419 4603 459 4664 ΙΙ.
477 4623 507 4680 p.
525 4612 589 4668 413.
655 4603 689 4674 d)
710 4604 834 4660 Dissert.
854 4603 892 4661 lt.
913 4603 950 4659 de
970 4607 1052 4661 Pont.
1073 4623 1149 4663 max.
1217 4607 1246 4676 e)
1268 4605 1342 4662 crit.
1362 4605 1430 4662 Bet.
1450 4604 1576 4665 adeun.
1596 4619 1659 4674 31².
1728 4609 1850 4681 ofliat.
1871 4611 1978 4694 impp.

417 4695 503 4755 Toto.
523 4693 574 4756 tv.
596 4693 685 4752 taulis
705 4691 789 4756 loeis.
823 4701 825 4704 ’
862 4695 897 4771 g)
919 4692 1076 4754 Animadv.
1096 4693 1145 4754 lll.
1167 4691 1204 4753 de
1223 4695 1305 4756 Pont.
1325 4715 1400 4754 ntax.
1419 4715 1451 4773 p.
1471 4697 1518 4760 66·
1841 4705 1847 4714 '
