4244 5484
894 1178 1283 1336 'curvo
1346 1155 1495 1294 ut·

414 1585 417 1592 »
515 1567 576 1628 oo
599 1561 896 1628 rourrrroarr
919 1555 1117 1670 Muxtpw,
1146 1559 1211 1622 nr
1232 1559 1525 1624 ercamrao
1550 1557 1857 1626 Arororoarss

692 1701 696 1708 ’
1022 1743 1393 1820 arcanorum„

409 2073 609 2200 Inquirere‚
631 2129 715 2196 quaa
736 2107 837 2174 inerit
858 2108 1083 2172 nsinietroram
1105 2128 1158 2172 re·
1212 2129 1286 2172 cans
1310 2107 1397 2172 sorte
1419 2095 1550 2176 'fertone
1572 2107 1674 2173 incidi
1698 2109 1730 2172 in
1760 2111 1961 2177 disses-tatio·

410 2217 544 2302 ligionis
572 2215 606 2276 io
633 2213 716 2276 urba
747 2213 861 2298 origo,
891 2232 974 2297 quse
1003 2213 1155 2288 ¹varietas,
1211 2232 1288 2274 nom
1310 2209 1457 2273 Bimsrdi
1477 2211 1614 2275 Baronia
1645 2213 1688 2277 de
1720 2215 1752 2277 ia
1774 2217 1886 2280 Bastia
1920 2223 1959 2281 da

411 2320 484 2406 quis
502 2337 715 2404 progressus,
744 2331 843 2378 nemo
859 2335 925 2377 non
942 2313 1114 2396 inteiligit,
1137 2337 1155 2378 a
1206 2317 1397 2396 pontificatu
1410 2318 1552 2378 monimo
1566 2319 1793 2397 imporatorum
1801 2321 1964 2382 conmun-

410 2441 489 2486 meo
505 2419 652 2482 instituto
670 2417 768 2502 piane
787 2435 860 2480 esse
879 2415 1030 2482 aiiennm.
1062 2414 1154 2480 istud
1210 2437 1297 2492 ram,
1329 2413 1421 2496 cujus
1455 2435 1530 2498 pars
1563 2415 1656 2499 prior
1684 2417 1844 2482 exstasin
1868 2420 1960 2482 Actis

408 2523 467 2610 qui
497 2521 627 2606 penitus
657 2539 754 2583 nossa
785 2517 893 2602 cupit,
930 2529 1153 2602 praeparatam
1211 2516 1396 2580 academiae
1439 2516 1688 2600 inscriptionum
1733 2524 1839 2584 Touo
1884 2523 1959 2584 xli.

409 2626 559 2709 reperiet
586 2621 773 2698 materiam,
799 2631 834 2684 et
862 2619 1031 2703 praeclare
1054 2639 1153 2704 expo·
1211 2616 1311 2686 ue'n.
1332 2639 1406 2703 pag.
1427 2618 1489 2684 355
1515 2619 1681 2704 usquead
1707 2620 1822 2696 finem,
1855 2623 1960 2688 alters

410 2727 504 2792 sitam
523 2725 563 2792 ab
581 2723 808 2790 eruditissimis
826 2723 936 2789 liniris
952 2721 1069 2786 lanobo
1087 2723 1153 2786 Gu·
1199 2723 1319 2784 'Torno
1342 2721 1414 2788 XV.
1443 2720 1520 2784 inde
1548 2741 1665 2806 apag.
1689 2721 1742 2788 38.
1784 2725 1848 2789 Hic
1870 2747 1960 2790 oom-

393 2829 520 2904 ,therio
534 2828 567 2892 in
586 2833 771 2912 operer-do
788 2829 887 2890 notui
897 2831 977 2904 jaare
988 2829 1153 2908 pontificio
1212 2821 1408 2898 mentarius,
1449 2822 1505 2908 qui
1530 2825 1643 2888 nescio
1671 2825 1836 2909 quomodo
1862 2842 1959 2892 antea

409 2937 659 3007 urrisanana,
684 2930 771 3014 qood
793 2927 952 2990 insertum
977 2941 1027 2990 est
1047 2929 1154 2991 Tomo
1211 2943 1265 2986 me
1287 2923 1434 3006 fugerat,
1457 2923 1551 2990 asido
1575 2948 1593 2989 a
1615 2947 1668 2990 me
1690 2929 1861 3013 perlectus
1882 2951 1961 2994 oum

408 3033 452 3104 V.
491 3033 715 3120 antiquitatum
751 3036 972 3098 Romanarum
1010 3030 1153 3108 Graevii,
1210 3026 1307 3118 plane
1326 3044 1513 3109 congruere
1529 3047 1603 3092 cun
1623 3029 1682 3106 iia,
1711 3051 1798 3114 quae
1818 3031 1962 3118 scripse·

409 3149 444 3198 et
456 3135 590 3202 Andros
605 3137 705 3200 Bosio
719 3134 753 3196 in
768 3137 1013 3198 Eoorcs'tots'ossa
1026 3127 1155 3222 'lsirtors'f
1210 3150 1297 3206 rsm,
1333 3123 1524 3208 videretur,
1557 3151 1595 3193 ac
1625 3146 1798 3216 practerea
1827 3136 1960 3214 ordine,

409 3261 450 3303 ca
473 3245 513 3304 de
536 3243 690 3320 pontifico
713 3241 855 3300 marono
881 3239 1001 3299 Iioosoa
1026 3239 1153 3310 veteris,
1210 3231 1459 3316 perspicuitate,
1494 3231 1685 3298 eruditione
1721 3255 1826 3298 means
1857 3235 1960 3322 longe

409 3341 528 3404 eodem
545 3343 620 3404 loco
633 3339 744 3404 niteris
756 3339 842 3420 typis
856 3337 1019 3412 restituta,
1037 3336 1153 3419 quibus
1211 3355 1368 3419 superare
1401 3334 1622 3417 diligentium,
1661 3336 1736 3417 oepi
1771 3339 1959 3420 consilium,

408 3439 1012 3522 addendumaiternmejusdasuopus
1028 3445 1155 3521 deposs-
1211 3435 1331 3499 lectori
1355 3455 1557 3521 nequaquam
1584 3437 1840 3522 displiciturum,
1864 3463 1961 3525 prae·

409 3547 531 3624 tistcotss
544 3548 686 3606 mou-imo
702 3548 927 3622 imporatorum
941 3545 1154 3604 Romanorum
1211 3537 1299 3600 clara
1322 3537 1392 3619 ejus
1415 3553 1591 3622 praecepta
1612 3553 1743 3604 aersato
1767 3542 1887 3608 eode-
1908 3566 1963 3608 or

404 3641 976 3723 praecspooeomtsaunmmibidem
992 3615 1154 3702 recusum.
1212 3639 1288 3701 dine
1304 3640 1369 3702 huc
1385 3641 1595 3716 conferendi,
1620 3641 1810 3720 notamen
1831 3647 1960 3729 atejus
2096 3689 2097 3694 κ

406 3741 562 3808 Nobisin
587 3756 760 3826 praesente
781 3743 1151 3826 capiesermotnntum
1210 3741 1490 3804 abundantiam
1463 3765 1563 3808 armus
1589 3745 1787 3822 coercituri,
1810 3759 1845 3809 et
1869 3749 1961 3812 addi·
2096 3737 2097 3767 ¹

409 3843 473 3907 erit
495 3843 537 3906 de
555 3843 752 3907 sacerdotiis
776 3846 1013 3923 Augustorum,
1039 3845 1152 3908 Caesa·
1209 3845 1276 3906 turi
1295 3863 1413 3930 pauca,
1437 3863 1520 3928 quae
1541 3821 1585 3909 ad
1607 3867 1678 3908 rem
1702 3845 1883 3912 idoneaab
1906 3871 1961 3912 au·

407 3965 566 4030 rumque,
588 3944 676 4030 quod
693 3957 919 4028 argumentum
936 3946 1004 4010 nire
1021 3967 1061 4010 er
1077 3965 1152 4030 pro·
1209 3959 1302 4009 otore
1323 3949 1501 4028 prseterita
1523 3947 1729 4013 ridebantur.

408 4049 535 4132 posito,
563 4049 632 4111 sire
654 4069 727 4111 cum
752 4047 879 4108 occasio
902 4047 992 4122 sulit,
1021 4061 1154 4131 praeter
1214 4115 1219 4121 ,
1268 4045 1423 4140 ¹Quattuor
1444 4049 1604 4146 capitibus
1623 4051 1812 4114 universam
1836 4049 1959 4114 doctri·
2095 4059 2096 4074 ¹

406 4151 555 4217 laudatos
592 4150 712 4214 ilsiros
755 4148 982 4214 illustrandum
1022 4167 1151 4233 quoque
1209 4171 1280 4212 nam
1308 4149 1553 4233 complectitur,
1587 4153 1620 4214 in
1646 4173 1785 4238 quorum
1810 4153 1834 4214 Ι.
1861 4173 1960 4236 quae·

406 4271 585 4338 suscepere
607 4250 786 4328 Baronius,
809 4251 949 4336 Pagius‚
973 4251 1152 4314 Tiliemon·
1208 4252 1267 4328 rit,
1291 4251 1378 4336 quod
1402 4253 1503 4316 suerit
1525 4253 1703 4317 discrimen
1723 4257 1810 4318 inter
1828 4252 1960 4336 pontifi·

406 4353 488 4430 tius,
510 4353 744 4437 spanhemius,
768 4353 903 4437 aliique,
926 4375 962 4418 ao
983 4369 1151 4440 postremo
1209 4347 1315 4417 catum
1340 4355 1515 4418 maximum
1540 4355 1624 4439 reip.
1646 4357 1706 4432 ii..
1746 4370 1782 4418 ot
1816 4357 1958 4440 impera·

407 4451 505 4515 abbas
535 4456 748 4520 Mausolenus
778 4456 813 4516 in
841 4455 968 4537 prolixa
998 4457 1151 4521 Animad·
1207 4457 1337 4520 torum?
1359 4459 1398 4518 11.
1414 4457 1489 4548 Quo
1504 4463 1654 4541 tempore
1670 4459 1876 4544 pontificatus
1891 4481 1960 4521 ma·

407 4553 561 4617 versione
583 4555 625 4618 de
649 4555 803 4639 pontifice
830 4559 979 4622 maximo.
1021 4561 1149 4623 Horum
1207 4561 1312 4625 ximus
1340 4557 1573 4623 communicari
1602 4579 1676 4623 cnm
1704 4559 1854 4644 pluribus
1879 4581 1957 4622 noe·

394 4669 472 4734 ego
494 4657 671 4734 praeclaris
700 4661 942 4723 commentariis
971 4683 1047 4724 usna
1070 4666 1151 4725 moi·
1207 4663 1309 4746 perit,
1331 4676 1365 4726 et
1377 4675 1496 4726 utrum
1520 4655 1616 4725 etiam
1637 4683 1710 4726 cnm
1733 4661 1954 4726 Caesaribus.

403 4765 438 4814 ts
470 4753 511 4817 de
551 4755 614 4820 hoo
644 4777 842 4843 argumento
879 4766 1148 4850 conscripsernm‚
1208 4767 1261 4830 ili.
1292 4765 1342 4828 Αιι
1365 4765 1504 4850 Augusti
1531 4763 1837 4851 pontificatusmnx.
1861 4763 1957 4826 mini·
