4206 5482
453 490 529 562 too
610 515 613 520 .
1070 453 1264 537 cspvv
1304 451 1434 562 xiv.-

894 561 911 598 0

457 659 568 720 coisse
584 657 726 734 legatos,
751 647 967 736 Victoriarum
992 642 1094 720 nureo
1110 645 1206 704 simu·
1264 648 1398 720 pnrntn,
1430 646 1464 699 et
1489 631 1680 700 continentis
1704 641 1881 726 perplures
1902 645 1958 716 dies

458 761 550 820 locro
573 755 802 818 Valentiniano
833 749 873 811 ob
894 746 1022 825 imperii
1041 745 1206 824 primitias
1263 737 1454 802 muneribus
1471 736 1571 831 inisse
1594 737 1769 818 celebrato,
1789 760 1957 817 exteterunt

458 861 642 930 oblaturos,
673 849 827 914 nimiritm
849 865 923 910 cum
946 845 974 906 is
1000 841 1043 907 ob
1068 843 1204 906 eandem
1264 840 1393 924 scriptis
1409 835 1631 922 intelligimus.
1652 841 1812 909 Peucsbic
1829 848 1959 916 volunlu-

456 977 588 1021 csusam
615 967 688 1020 onte
717 945 966 1036 quinquennalia
992 957 1204 1030 nuncuparet.
1263 943 1321 1006 bet
1336 943 1517 1026 attingere,
1547 939 1665 1023 pertim
1683 944 1754 1028 quie
1771 927 1958 1028 argumentum

456 1059 560 1134 Vide,
584 1077 666 1141 quse
684 1051 885 1122 devictoris
902 1045 1031 1130 imperii
1049 1048 1138 1109 velut
1157 1045 1203 1104 in·
1261 1047 1325 1110 boc
1351 1045 1415 1127 jem
1449 1045 1578 1108 erudite
1605 1045 1754 1128 exposuit
1783 1049 1909 1114 Neritius
1926 1051 1970 1134 d),.

410 1239 416 1250 Ι
458 1160 546 1242 signi
566 1156 758 1244 nlisdixiin
777 1147 1083 1218 numisOctaviisni.
1128 1143 1204 1238 Quo
1259 1146 1484 1234 partimque,
1506 1145 1957 1230 siqnisinbivimperttorsive

438 1259 534 1325 'loco
555 1280 622 1320 non
652 1257 764 1342 utique
793 1250 1008 1318 omittendum
1021 1294 1036 1338 ,Ι
1059 1247 1148 1332 qnod
1170 1249 1204 1310 in
1261 1247 1454 1332 sumptibus,
1474 1247 1544 1312 vive
1560 1263 1695 1333 stupore
1712 1249 1958 1332 modnmexceuit,

376 1381 382 1392 ·
457 1357 943 1451 Alexnndrinisdegyptiornm
965 1353 1072 1414 numis
1092 1349 1206 1413 obser·
1261 1350 1429 1435 istndyjem
1448 1349 1488 1412 nd
1506 1349 1594 1435 ipsos
1618 1349 1689 1431 ejus
1712 1371 1820 1416 numos
1835 1357 1958 1420 enerravi-

457 1447 580 1528 vanius.
605 1465 639 1524 ln
652 1461 769 1523 borum
787 1457 873 1518 enirn
893 1475 968 1520 eres
985 1453 1062 1517 inde
1078 1451 1117 1516 sb
1128 1451 1205 1515 ete·
1262 1473 1345 1518 mus.
1365 1455 1395 1516 A
1413 1450 1578 1516 sacrificiis
1593 1451 1715 1515 lectum
1731 1453 1862 1534 initium,
1880 1469 1907 1520 et
1918 1477 1959 1519 nu·

456 1549 583 1630 xnndro
609 1565 684 1628 Sev.
706 1575 830 1626 tentum
850 1571 927 1621 tunc
946 1568 1114 1641 comperet
1138 1551 1236 1638 psl-1
1262 1554 1308 1618 mi
1334 1554 1475 1632 docent,
1505 1567 1540 1618 et
1560 1567 1714 1619 votorum
1739 1569 1843 1622 nntnrs
1860 1577 1959 1641 perses·

457 1687 531 1730 mee
556 1687 681 1742 remus,
725 1659 854 1744 quaudo
880 1659 1061 1743 imperator
1085 1673 1204 1719 ennnm
1255 1656 1331 1720 “dett
1374 1657 1466 1720 Haec
1488 1675 1656 1740 excepere
1678 1655 1959 1740 ludicircenses‚et

456 1767 588 1852 imperii
599 1769 639 1832 X.
655 1767 743 1850 juxte
759 1763 995 1848 Aegyptiorum
1015 1771 1204 1844 computum
1261 1760 1451 1824 ibentrsles.
1495 1759 1693 1843 Panegyrici
1715 1780 1835 1843 quoqne
1847 1760 1873 1820 in
1886 1760 1959 1845 impe·

392 1889 398 1896 ·
457 1883 509 1932 est
526 1867 727 1951 auspicatus,
759 1877 793 1926 ct
811 1864 894 1926 votis
917 1861 1000 1926 eden
1019 1859 1206 1924 decennali·
1261 1877 1407 1925 retorem
1427 1859 1540 1924 leudes
1558 1863 1707 1936 recitati,
1730 1882 1854 1946 quornm
1868 1863 1959 1946 aliquot

455 1971 518 2034 bns
536 1969 704 2034 solvendis
723 1967 832 2030 locum
850 1964 940 2028 iecit.
963 1963 1062 2050 Atqui
1076 1961 1204 2048 palmae
1261 1965 1428 2050 hodieque
1451 1977 1648 2046 nupsissent,
1676 1963 1817 2045 Nenerii,
1835 1961 1958 2028 Mamerti

456 2093 582 2136 remum
600 2071 767 2141 Victorino
785 2087 858 2132 csse
872 2065 1082 2144 attributum,
1103 2063 1206 2127 nemi·
1260 2067 1315 2148 ni,
1336 2063 1490 2143 Eusebii,
1512 2064 1700 2129 Themistii.
1787 2123 1794 2130 ,

457 2175 491 2236 ni
514 2195 580 2236 non
611 2188 736 2236 notum.
779 2169 943 2246 Consule,
973 2161 1055 2252 quie
1078 2165 1119 2229 de
1141 2165 1205 2229 hoc
1629 2231 1654 2272 ῃ

455 2295 550 2338 more
577 2273 608 2334 in
627 2289 720 2357 purte
739 2275 765 2339 l.
789 2271 883 2353 bujns
903 2271 1014 2356 operis
1032 2265 1073 2332 ed
1087 2287 1205 2330 nnmos
1485 2289 1488 2296 ·
1545 2279 1567 2321 s
1715 2280 1736 2320 s

456 2375 699 2438 Alexandrinos
715 2373 858 2435 Gallieni
878 2371 1062 2436 observavi.
1105 2369 1203 2434 Numi
1321 2372 1490 2451 Diximus,
1512 2373 1817 2456 Augustumbornm'
1830 2371 1958 2434 luitsevo

456 2489 607 2543 votorum
626 2477 717 2538 nurci
732 2473 911 2539 Constantii
923 2473 1129 2557 ChloriAug.
1141 2491 1203 2554 pro
1260 2485 1369 2540 torum
1400 2489 1578 2538 nectorem.
1631 2473 1854 2558 Inquirendum
1878 2483 1959 2546 restat,

454 2580 552 2644 solito
568 2579 735 2650 Victoriae
752 2594 829 2661 typo
846 2575 1013 2639 ndstitutnv
1028 2574 1150 2637 hebent
1165 2573 1203 2635 li·
1261 2596 1325 2659 quo
1352 2576 1409 2640 ille
1438 2589 1589 2662 tempore
1624 2575 1811 2640 desiverint.
1848 2577 1891 2637 Ex
1913 2589 1959 2660 qno

443 2689 543 2748 ‘teras
563 2681 732 2764 colligatos
751 2677 845 2754 NK..
868 2697 948 2764 quse
968 2675 1126 2759 legendas
1143 2673 1203 2738 Ns·
1259 2677 1381 2740 insanis
1408 2677 1466 2742 ills
1495 2679 1681 2762 sumptibus
1710 2677 1819 2762 peregi
1842 2695 1958 2760 coepere,

451 2785 521 2860 Κη,
544 2778 864 2848 suolocoindicsvi.
901 2779 1035 2870 Reliqui
1050 2792 1201 2844 votorum
1260 2780 1492 2844 deindeetiem
1508 2781 1741 2866 multipliceri,
1769 2796 1960 2864 eumsnspro·

452 2886 521 2969 typi
544 2884 627 2948 nibil
642 2901 841 2966 msgnopere
855 2879 1138 2945 animadversione
1156 2879 1201 2942 di·
1260 2883 1329 2968 pris
1366 2883 1526 2948 heberent
1557 2885 1719 2967 Augusti,
1757 2886 1908 2956 Caesares,
1936 2890 1970 2941 et.

454 3009 556 3074 gnum
574 2979 727 3052 offerunt.
772 2985 927 3048 Ceterum
938 2983 1201 3052 Victoriemnon
1259 2985 1435 3068 conlegae,
1467 2986 1573 3050 nerins
1602 2987 1702 3048 etism
1725 2963 1877 3068 utrimque
1895 2980 1960 3046 orbis

451 3087 552 3152 modo
568 3101 718 3153 votorum
736 3085 964 3150 decennalium
979 3085 1203 3168 sedquorum·
1256 3087 1443 3172 principes,
1473 3089 1585 3172 grevia
1611 3088 1685 3150 sine
1704 3087 1800 3150 dubio
1819 3086 1871 3147 toti
1886 3085 1960 3166 inpe-

453 3211 582 3276 cunque
596 3190 736 3253 eliorum
752 3187 853 3252 luisse
866 3188 1057 3264 ministrnm,
1081 3187 1201 3251 docent
1256 3191 1308 3252 rio
1331 3189 1539 3254 exstiterunt.
1579 3190 1742 3271 Legimus
1759 3187 1876 3272 quiden
1894 3205 1962 3269 prte-

451 3291 609 3356 lucerntte
634 3307 766 3356 veteres
788 3289 872 3375 apud
894 3288 1145 3380 Belloriunt¹)‚
1167 3303 1201 3353 et
1256 3303 1310 3354 ter
1331 3291 1560 3355 incredibilem
1590 3291 1624 3352 in
1657 3291 1711 3352 bis
1732 3287 1962 3372 magnificentiam

383 3453 389 3466 ,
431 3393 708 3476 isonium),
738 3391 771 3453 in
793 3389 911 3475 quibus
933 3389 1068 3474 lingitur
1089 3391 1201 3458 Victo·
1256 3393 1380 3476 emplss
1410 3394 1510 3456 etism
1538 3393 1735 3476 largitiones
1762 3391 1795 3453 in
1829 3389 1962 3476 populum,

451 3496 501 3558 ris
529 3517 555 3558 s.
587 3493 715 3578 pnlmee
745 3513 892 3572 remum,
921 3489 956 3554 d.
986 3505 1101 3556 tenens
1134 3495 1201 3576 cly-
1257 3493 1408 3560 donstivn
1444 3496 1479 3557 in
1515 3495 1636 3558 milites
1668 3492 1772 3572 fecte,
1808 3486 1962 3577 quomodo

451 3615 571 3679 psum,
594 3596 647 3656 cni
669 3595 879 3678 inscriptum:
903 3593 1037 3660 Auito.
1059 3595 1197 3666 NOVO.
1257 3597 1419 3676 Severus,
1449 3597 1559 3660 multis
1585 3610 1679 3660 certe
1699 3599 1768 3682 ipse
1789 3591 1963 3662 moderatior,

451 3697 673 3766 Fsvsvvut.
692 3709 753 3758 etc.
780 3710 877 3781 etque
898 3696 982 3758 banc
1005 3695 1199 3782 allegoriam
1255 3699 1290 3760 in
1306 3697 1539 3764 decennalibus
1557 3698 1622 3761 suis
1639 3699 1698 3763 HS
1719 3699 1767 3760 bis
1784 3695 1889 3758 millies
1902 3689 1962 3754 effu·

451 3819 518 3862 non
548 3797 650 3861 inisse
679 3817 799 3862 recens
828 3797 1018 3875 inventurn,¹
1040 3799 1104 3862 'sed
1132 3801 1199 3886 jem
1256 3799 1349 3864 deret
1370 3816 1454 3865 teste
1472 3801 1580 3864 Dione
1597 3807 1643 3882 e),
1674 3815 1708 3865 nt
1729 3799 1861 3884 legimns
1879 3795 1962 3867 etism

451 3902 559 3986 primo
586 3900 809 3983 Augustorum
837 3897 968 3974 saeculo
1000 3915 1198 3986 usurpatum,
1255 3917 1401 3988 sumptus
1421 3903 1570 3966 inenibus
1590 3902 1641 3965 bis
1658 3903 1792 3964 ludicris
1807 3897 1962 3983 impenden-

404 4017 408 4026 “
451 4001 550 4068 docet
563 4003 699 4066 lucerne
715 4001 831 4066 similis
850 3998 884 4064 in
900 4001 1081 4072 Herculani
1094 3991 1206 4070 ruinis
1255 4003 1352 4068 done
1375 4004 1522 4083 miseris,
1550 4005 1734 4092 nti‘ritieqne
1755 4001 1913 4090 provinciis
1925 3996 1962 4058 fu-

452 4121 587 4192 rcpet‘te
602 4106 643 4188 ο)·
1253 4108 1319 4170 isse
1334 4107 1534 4194 imperatos,
1557 4105 1645 4193 quod
1666 4121 1786 4172 tentum
1806 4102 1896 4186 vulgo
1912 4119 1963 4160 mt-

812 4271 833 4310 *
1094 4295 1104 4306 .
1252 4210 1323 4273 lum
1354 4223 1409 4276 cst
1434 4205 1600 4286 hobitum,
1630 4223 1667 4272 nt
1696 4195 1824 4274 auctore
1849 4199 1963 4266 Libsnio

728 4315 749 4356 *
895 4317 916 4357 ὓ
1254 4311 1504 4396 quinquennalis
1548 4308 1831 4396 appropinquantis
1868 4305 1962 4367 borro·

515 4411 609 4476 Eece
630 4407 716 4475 fests
739 4408 931 4496 magnifico,
961 4410 1117 4498 varioque
1143 4433 1199 4499 ep·
1252 4433 1326 4476 rem
1350 4415 1465 4478 enimin
1486 4414 1677 4495 injicerent,
1699 4411 1868 4477 seditiones
1881 4403 1961 4470 eum

442 4553 1960 4587 w

489 4643 521 4714 s)
538 4641 666 4704 Lucem.
682 4609 740 4701 snt.
754 4647 785 4703 P.
801 4645 850 4703 Ill.
870 4645 930 4704 tnb‘.
948 4657 974 4710 5.
1047 4647 1083 4717 b)
1102 4649 1227 4708 Lucern.
1245 4647 1304 4712 tici.
1320 4649 1452 4714 tab.V1.
1530 4652 1559 4726 c)
1578 4613 1709 4712 Lucerni
1725 4643 1844 4708 d'Ercol.
1858 4633 1959 4701 ubil.

453 4731 486 4806 ti)
508 4729 545 4791 dc
562 4730 632 4792 Vol.
652 4732 717 4794 dec.
737 4755 800 4811 rep.
819 4735 841 4793 l.
916 4735 1146 4810 e)1..LXxV1.
1168 4741 1192 4814 i
1214 4753 1239 4800 i.
