4226 5500
453 581 474 650 ς
1044 551 1433 628 annuant

457 729 587 798 :stanit
615 747 747 794 numum
778 723 922 812 repetit,
952 741 1048 805 quom
1076 723 1199 808 patriae
1258 719 1571 812 quemqnojudicem
1579 719 1798 806 inconuptum
1808 725 1958 792 iaoileeon·

458 855 537 900 scae
558 832 737 908 tribueret,
763 841 858 914 atque
885 827 972 890 hano
994 844 1124 912 quoque
1146 845 1201 888 mo
1257 827 1437 903 sessurum,
1458 823 1655 888 Britanniam
1672 825 1725 888 vix
1744 831 1959 894 sextamsinilis

458 931 566 1020 judice
583 935 732 1010 dubium,
752 951 859 1018 nequo
876 943 984 994 tamen
1003 950 1021 992 a
1037 949 1091 992 me
1109 927 1205 992 umis·
1260 941 1410 992 monetae
1442 939 1567 1012 partem
1598 925 1761 992 vindicare
1791 929 1849 992 sibi
1875 951 1959 1013 posse.

459 1057 540 1102 sam.
560 1035 695 1106 -Verum
717 1033 758 1098 ad
779 1051 920 1118 naperas
938 1029 1045 1116 gentis
1062 1051 1138 1094 suae
1156 1029 1206 1092 lu·
1259 1031 1386 1094 Deesso
1403 1029 1437 1090 in
1457 1027 1543 1092 hunc
1558 1027 1644 1091 diem
1658 1049 1756 1113 opus,
1777 1031 1858 1116 qnod
1872 1033 1962 1097 unius·

459 1140 666 1204 cubrationes
692 1150 849 1222 provocat
872 1149 1049 1216 anonymus
1074 1147 1207 1208 noster,
1262 1153 1325 1218 que
1342 1145 1491 1195 monetae
1510 1151 1623 1194 rerum
1639 1131 1813 1196 discrimen
1827 1132 1947 1199 duceret

459 1253 494 1306 st
509 1241 746 1304 Pinlsertonam
760 1239 840 1302 mihi
857 1235 1080 1314 commendat,
1098 1236 1130 1296 in
1150 1254 1205 1297 cu·
1324 1233 1434 1298 Habes
1448 1233 1518 1312 hic,
1532 1235 1655 1308 lector,
1670 1245 1773 1294 totum
1786 1233 1832 1310 id,
1849 1236 1922 1318 quod
1933 1235 1963 1300 da

457 1341 576 1426 jussit
599 1356 702 1423 opere
728 1343 885 1402 notitiam
904 1337 1092 1400 absolutam
1112 1359 1207 1423 prue-
1262 1335 1385 1420 patriae
1409 1355 1485 1398 suae
1506 1347 1635 1396 moneta
1656 1333 1807 1416 judicarit
1827 1335 1964 1401 Pialerto·

460 1445 564 1506 santis
577 1443 782 1504 conditionis
794 1443 845 1502 rai
854 1439 1073 1502 Britannicae
1086 1441 1209 1500 numis-
1262 1457 1335 1514 uus,
1353 1456 1395 1498 ex
1410 1456 1475 1521 quo
1490 1431 1586 1502 facile
1603 1433 1769 1519 intelliges
1783 1435 1858 1518 ipse,
1871 1457 1965 1516 meum,

459 1547 604 1608 motione
630 1543 777 1624 reperiri.
813 1537 889 1632 Quo
917 1551 1068 1620 tempore
1097 1559 1206 1602 meum
1263 1559 1300 1602 ac
1316 1537 1435 1600 eruditi
1450 1539 1520 1621 ejus
1533 1538 1596 1604 uiri
1609 1537 1718 1600 dehis
1731 1536 1965 1622 numiajudioiun

461 1643 502 1710 do
525 1645 586 1707 hac
605 1661 779 1706 numerum
808 1641 912 1706 classo
938 1639 1094 1724 judicium
1121 1641 1205 1724 typis
1262 1659 1360 1702 unum
1383 1638 1455 1703 sere
1476 1639 1629 1724 idemque
1647 1657 1732 1702 esse.
1760 1637 1823 1704 Sed
1839 1639 1869 1700 id
1887 1635 1967 1726 ipsum

460 1744 607 1810 mandari
642 1743 766 1826 caepit,
805 1741 979 1806 indicatum
1013 1742 1206 1806 Pinlsertoni
1263 1753 1327 1818 eat,
1351 1739 1438 1826 quod
1453 1741 1486 1802 in
1502 1741 1705 1804 Pinltertono
1722 1739 1899 1822 improbauit
1912 1764 1968 1804 suu·

464 1869 546 1934 opus
565 1845 646 1914 nihi
661 1847 757 1930 plano
777 1845 923 1929 ignotum
944 1841 1049 1908 adhuc
1066 1843 1136 1908 tuit.
1165 1845 1206 1906 ll·
1262 1863 1391 1925 aymus,
1415 1853 1450 1904 ut
1465 1842 1603 1908 vidimus
1618 1841 1831 1926 in·proposita
1845 1841 1905 1937 ejps
1919 1843 1969 1926 epi·

461 1951 519 2014 lud
546 1969 620 2013 cum
644 1947 774 2010 nonnisi
803 1966 886 2010 anno
915 1947 1064 2028 proxime
1094 1948 1206 2030 elapso
1264 1943 1366 2010 stola·
1387 1944 1431 2006 At
1454 1943 1525 2029 quis
1551 1964 1618 2006 non
1640 1963 1837 2028 magnopere
1860 1943 1968 2006 miretur

462 2053 577 2136 (1795)
595 2049 636 2114 ad
653 2066 706 2112 me
721 2047 883 2134 perlatum
899 2061 998 2126 esset,
1015 2049 1097 2110 nihil
1111 2047 1207 2111 habui
1263 2045 1456 2108 insolentem
1478 2046 1549 2130 ejus
1565 2044 1767 2130 disputandi,
1783 2061 1968 2127 argumentar-

463 2151 639 2238 antiquiua,
673 2171 767 2236 quam
790 2163 827 2212 ut
850 2168 1011 2230 anonymo
1038 2171 1113 2214 meo
1140 2171 1208 2214 mo·
1265 2147 1361 2234 dique
1373 2145 1681 2210 modumtttoleste
1698 2145 1832 2230 primum
1843 2147 1970 2224 lert,cen·

463 2277 534 2320 rem
551 2273 714 2339 gererem.
731 2253 774 2314 Et
785 2251 853 2334 legi
864 2251 982 2336 cupide
992 2253 1109 2330 omnia,
1124 2273 1207 2338 quae
1264 2272 1377 2314 surum
1388 2271 1409 2312 a
1419 2271 1470 2312 me
1481 2251 1586 2312 latam
1602 2271 1671 2312 esse
1684 2251 1820 2312 eundem
1832 2251 1890 2313 oiri
1903 2253 1969 2312 docti

463 2357 564 2420 isvir
588 2353 734 2420 eruditus
760 2351 793 2414 in
819 2351 879 2416 ltac
901 2373 996 2416 causa
1020 2353 1207 2436 scripserat,
1265 2353 1478 2443 Pinkertcni,
1508 2351 1666 2435 praecipit
1698 2347 1833 2426 deinde,
1858 2351 1968 2434 praecla-

332 2499 336 2510 .
465 2479 601 2542 quorum
622 2475 744 2518 summa
763 2452 843 2516 haec
860 2467 910 2516 cst
925 2453 1016 2534 (Vol.
1026 2457 1051 2520 1.
1067 2477 1100 2538 p.
1111 2458 1206 2538 eqd):
1265 2475 1338 2518 rum
1355 2454 1424 2538 ejus
1439 2473 1519 2538 opus
1534 2465 1570 2516 ut
1583 2453 1767 2530 consulum,
1784 2471 1824 2514 ex
1837 2473 1893 2535 quo
1906 2457 1970 2514 noti·

463 2561 526 2644 jam
550 2557 624 2622 lulii
646 2553 793 2619 Caesaris
817 2567 921 2618 aetate
943 2554 1007 2617 hoc
1031 2556 1102 2640 ipso
1122 2569 1208 2620 teste
1267 2559 1349 2619 tiam
1378 2557 1566 2618 wentanam
1591 2557 1781 2640 praesentis
1807 2555 1969 2616 conditionis

463 2662 639 2722 Britannos
663 2655 770 2718 numia
795 2656 906 2720 aeneis
930 2677 1021 2734 usos,
1049 2673 1145 2743 atquc
1173 2657 1210 2720 id
1265 2659 1315 2719 rei
1341 2657 1583 2719 Britannorum
1611 2657 1861 2718 numismaetcae
1881 2653 1971 2715 edoce·

464 2781 568 2846 genus
594 2779 711 2821 numos
740 2757 815 2820 rudi
844 2777 966 2842 opere,
1005 2771 1039 2822 et
1068 2759 1209 2824 admixta
1265 2758 1339 2824 hor.
1373 2759 1478 2842 Urget
1501 2757 1605 2820 bonus
1629 2777 1822 2838 anonymus,
1849 2753 1971 2840 jubetque

465 2883 581 2946 magna
599 2857 702 2922 nonni
722 2857 874 2942 portione
895 2879 993 2943 saepe
1013 2863 1158 2944 reperiri
1175 2863 1209 2924 in
1266 2879 1319 2922 nte
1337 2879 1526 2944 comparare
1544 2858 1645 2923 libros
1663 2858 1844 2942 Angloram
1864 2877 1972 2939 nuperos

465 2963 594 3048 Anglia.
630 2961 745 3022 Fuisse
772 2959 806 3022 in
830 2961 998 3024 Britannia
1027 2963 1208 3048 imperante
1268 2961 1609 3024 decenumismatiou.
1631 2955 1971 3045 Equideminheneficii

465 3068 613 3148 Augusto
635 3061 873 3125 Canobelinum
896 3063 1131 3128 Trinobantum
1158 3085 1210 3128 ro·
1268 3065 1344 3128 loco
1360 3077 1541 3148 putassem,
1556 3064 1585 3126 si
1602 3062 1780 3125 certiorem
1796 3081 1846 3124 mc
1862 3060 1972 3132 feritet,

467 3189 562 3250 gem,
583 3165 674 3248 cujus
690 3163 777 3226 forte
797 3177 893 3226 erunt
911 3167 1001 3228 numi
1019 3167 1209 3250 frequentes
1270 3167 1326 3251 qui
1344 3165 1407 3228 aiut
1426 3166 1460 3228 hi
1478 3165 1556 3227 libri
1573 3168 1708 3249 nuperi,
1735 3162 1790 3248 qui
1807 3183 1906 3226 eorum
1921 3179 1973 3222 aut·
2059 3179 2060 3204 t

467 3266 663 3330 Canobelini
683 3266 814 3328 nomine
836 3265 1001 3350 inscripti,
1027 3288 1100 3332 ease
1125 3267 1211 3331 euim
1269 3281 1377 3344 tores,
1408 3287 1491 3352 qnae
1514 3265 1705 3350 inscriptio,
1733 3263 1819 3350 quod
1839 3263 1973 3336 meritum,
2059 3279 2060 3284 ¹

467 3369 659 3442 nonnullos,
691 3367 746 3450 qui
773 3366 931 3430 Gallicam
960 3387 1017 3430 eos
1049 3383 1212 3434 monetam
1269 3389 1352 3454 quae
1380 3369 1582 3432 eruditorum
1609 3365 1816 3432 existimatio,
1846 3365 1973 3427 Nimirum

468 3471 723 3556 putant.¹Unum
742 3459 923 3533 alteramve
941 3465 1067 3534 'offerre
1088 3471 1216 3556 epigra-
1271 3483 1365 3534 retus
1385 3469 1467 3534 haer
1484 3485 1535 3534 est
1557 3469 1778 3544 consuetudo,
1804 3490 1861 3554 qua
1885 3461 1975 3528 eruditi

468 3571 557 3656 plten
577 3571 697 3647 VER,
717 3590 758 3634 ex
774 3569 957 3654 aliquorum
971 3571 1094 3655 judicio
1109 3575 1215 3642 Veru·
1273 3571 1429 3636 distantes
1452 3573 1632 3636 studiorum
1655 3593 1787 3636 suorum
1807 3567 1902 3634 socios
1919 3563 1976 3629 edo

469 3673 561 3738 lamii
579 3671 701 3756 oppidi.
723 3671 815 3735 ldem
831 3671 885 3736 vir
903 3672 1049 3737 eraditus
1068 3697 1108 3738 eo
1127 3675 1214 3754 loco,
1273 3688 1363 3752 cent,
1382 3673 1462 3760 quid
1475 3675 1560 3758 apud
1577 3695 1613 3740 se
1628 3695 1762 3738 auorum
1774 3671 1892 3754 ingenia
1904 3667 1931 3728 in
1942 3665 1976 3726 lu·

472 3795 537 3861 quo
554 3795 671 3858 regum
683 3772 870 3836 Britanniae
887 3793 927 3836 ex
942 3775 1049 3838 numia
1069 3776 1215 3860 cognite·
1237 3807 1242 3812 ·
1273 3797 1345 3841 cem
1363 3776 1586 3860 praseaerint.
1608 3780 1682 3840 Nou
1701 3778 1748 3840 sic
1762 3773 1828 3851 ille,
1839 3771 1891 3836 sed
1907 3765 1975 3830 dissi·

471 3899 546 3940 rum
563 3877 744 3958 catalogum
764 3873 894 3936 instruit
914 3877 1004 3956 (Vol.
1021 3881 1060 3943 11.
1076 3899 1109 3962 p.
1121 3881 1215 3960 adt),
1272 3879 1393 3942 mulato
1400 3899 1460 3942 sno
1469 3879 1637 3942 arbitrium
1646 3899 1743 3942 omne
1751 3869 1975 3940 lidrarioEdrar

472 3991 626 4044 recenset
639 3975 898 4052 Cunohelinum,
912 3978 965 4040 cui
980 3973 1069 4041 addit
1082 3979 1213 4063 quidem
1245 4009 1250 4016 ·
1273 3979 1316 4044 do
1333 3981 1512 4063 permittit,
1534 3981 1590 4064 qui
1608 4003 1626 4044 a
1643 4001 1695 4044 me
1715 3977 1912 4060 compellatus
1927 3990 1975 4030 nou

473 4081 728 4156 Cassibelauum,
743 4077 988 4156 etBoadiceam,
1005 4080 1064 4143 sed
1078 4080 1143 4144 lide
1159 4081 1216 4144 du·
1273 4081 1412 4146 cessabit
1429 4081 1469 4145 ad
1486 4103 1540 4145 me
1558 4082 1690 4145 mittere
1710 4097 1747 4144 ut
1763 4081 1873 4164 optima
1888 4075 1915 4136 io
1930 4071 1975 4133 loo

472 4182 537 4248 bia.
568 4185 603 4244 ln
629 4183 776 4264 catalogo
799 4183 1126 4246 numeramurbium
1148 4204 1215 4246 nou
1273 4189 1481 4268 argumento,
1504 4183 1550 4246 sio
1569 4197 1603 4248 et
1618 4183 1758 4266 pessima
1775 4195 1916 4266 quaeque.
1936 4176 1976 4234 tt·
2058 4257 2059 4260 Ἴ

474 4297 651 4362 memorat,
667 4283 730 4346 nisi
747 4284 1011 4363 Camulodunum,
1028 4299 1062 4350 et
1077 4287 1215 4354 Verula-
1272 4285 1329 4374 qui
1347 4299 1382 4350 et
1399 4285 1595 4370 posterioris
1610 4285 1705 4370 hujus
1722 4283 1848 4368 generis
1862 4287 1975 4340 monstra
2058 4287 2059 4356 ,

384 4433 388 4442 ,
475 4385 585 4450 atium.
606 4386 758 4470 Denique
776 4385 819 4448 ait
839 4387 916 4448 alibi
933 4387 1026 4468 (Vol.
1037 4389 1062 4451 1.
1077 4407 1109 4470 p.
1125 4389 1213 4468 sqq),
1271 4387 1361 4452 nasci
1376 4388 1411 4451 in
1429 4387 1501 4452 solo
1518 4387 1717 4464 Britannico,
1733 4383 1920 4466 acturique,
1934 4375 1977 4436 ⁴¹⁰·

474 4507 590 4550 numos
607 4487 780 4571 inscriptos
798 4488 981 4554 tolneto
998 4525 1043 4538 —
1056 4489 1217 4551 etsttnt-
1274 4489 1370 4552 hiran
1388 4489 1516 4574 nequit,
1539 4489 1566 4552 si
1581 4509 1696 4553 vorum
1716 4501 1779 4562 est,
1801 4483 1879 4570 quod
1895 4497 1976 4561 nuper

472 4587 562 4650 ‘BOS
577 4601 658 4664 etc,
672 4609 757 4673 quos
770 4589 919 4674 plerique
934 4589 989 4653 alii
1003 4591 1146 4654 Gallicos
1159 4611 1218 4673 pu·
1227 4633 1243 4648 .-
1274 4591 1411 4656 candide
1426 4591 1593 4676 protessus
1606 4605 1656 4652 ast
1663 4579 1975 4666 Pinnenamsttoll·

477 4699 562 4762 tant,
591 4711 609 4750 a
632 4689 797 4750 nonnullis
821 4690 1007 4755 Britanniae
1030 4693 1216 4778 antiquariis
1274 4715 1307 4778 p.
1323 4693 1399 4776 38)=
1427 4715 1488 4756 cnr
1508 4693 1672 4772 antiquitt
1694 4692 1814 4755 excessi
1829 4693 1864 4753 s'n
1881 4683 1977 4748 statam

477 4787 600 4870 patriae
614 4809 690 4852 suas
704 4809 821 4853 numos
838 4793 964 4876 putari,
974 4813 1090 4858 verum
1106 4815 1218 4856 mum·
1277 4798 1346 4858 and
1360 4817 1540 4860 montense.
