4236 5480
503 423 580 496 on
624 421 1056 506 Proconsvnte.
1103 387 1453 510 crusnam:
1573 467 1576 481 ·
1665 461 1735 536 aar

179 605 270 670 inter
307 605 507 686 existimarit
542 605 683 688 Pagios,
723 608 880 671 Caesares
913 630 933 688 a
990 634 1031 677 ex
1053 633 1160 700 aequo
1182 615 1401 681 administrari
1425 618 1626 704 singularam
1643 647 1737 712 pras·

179 706 413 798 proconsulari
439 709 580 793 imperio
604 725 806 792 praenomen
831 715 932 791 Inspe-
989 715 1077 778 sides
1110 717 1239 782 facilius
1268 716 1516 804 intelligerent,
1548 747 1611 792 nec
1651 732 1734 798 ullas

177 815 302 876 rotaria
324 808 489 874 babuisse.
534 809 735 875 Aduersatar
764 811 841 874 buic
865 811 932 874 No·
987 831 1097 904 partes
1116 819 1205 884 orbis
1220 825 1259 886 ll.
1279 823 1420 910 irnperio
1444 826 1532 890 illius
1555 847 1733 917 exemptae,

178 913 298 989 risius,
331 931 426 996 quta,
454 926 576 997 anqurt,
612 927 700 976 tuter
725 913 932 984 titulosdu·
987 923 1215 1004 translatanest
1242 923 1298 986 illa
1324 929 1530 1007 proconsulis
1557 931 1598 995 ad
1623 935 1734 1020 Augu.

175 1029 352 1098 gostoram
373 1014 407 1076 iu
431 1016 647 1078 marmoribus
676 1035 715 1080 ac
734 1015 842 1076 cumis
865 1013 952 1097 prb·
987 1037 1090 1104 stum,
1112 1033 1601 1110 etlsuccessoresnomenclatio.
1625 1037 1733 1122 Atqde

178 1137 238 1180 mo
275 1119 354 1182 loco
387 1131 520 1179 notatur
556 1117 668 1180 titulus
709 1118 928 1205 imperatoris,
984 1126 1027 1190 ab
1043 1127 1103 1190 bac
1123 1111 1316 1224 Spabhemii·
1333 1133 1492 1198 sententia
1513 1155 1579 1200 uon
1599 1159 1731 1222 magno·

176 1209 351 1306 postremo
383 1221 608 1304 proconsulis,
639 1233 687 1282 ‘ex
726 1237 791 1302 quo
829 1232 928 1301 patet,

177 1337 357 1409 utrumque
380 1325 480 1408 longe
508 1321 658 1386 diversae
685 1340 758 1384 esse
778 1313 926 1396 rationis,
945 1403 947 1408 Ι

176 1441 236 1490 aut
261 1426 376 1490 saltem
402 1445 500 1488 uuum
520 1425 564 1488 ab
587 1425 694 1486 altero
723 1444 926 1506 nequaquam

172 1527 355 1594 evidenter
372 1527 526 1590 derivari.
569 1525 720 1602 Deinde,
744 1525 872 1610 quando
886 1528 926 1589 ab

176 1633 336 1718 Augustis
366 1650 486 1694 nomen
510 1630 657 1692 Caesaris
685 1647 723 1690 ac
750 1629 925 1710 imperium

173 1735 415 1824 proconsulare
442 1731 539 1792 altori
563 1732 716 1807 dabatur,
748 1729 777 1790 is
803 1730 844 1793 ab
867 1731 927 1793 im·

174 1837 275 1922 perio
297 1837 524 1920 proconsulari
545 1853 610 1896 non
630 1833 800 1894 dicebatur
823 1832 925 1914 impe·

174 1951 290 2015 rator,
318 1939 377 2000 sed
396 1937 583 2019 proconsul.
629 1935 713 1996 Sanc
734 1953 842 2018 neque
861 1937 924 1996 Nc·

172 2061 314 2114 renem,
351 2059 459 2122 neque
487 2043 533 2100 Μ.
559 2037 730 2100 Aurelium
756 2035 923 2113 Caesares,

171 2143 240 2209 etsi
256 2155 395 2226 aterque
419 2139 648 2226 proconsulari
665 2137 806 2220 imper-io
829 2157 923 2200 orna·

173 2259 231 2308 tus
252 2259 359 2324 esset,
388 2247 512 2326 uspiam
543 2241 686 2327 legimus
714 2239 922 2325 imperatoris

171 2345 390 2429 praenomine
411 2365 500 2407 osea.
551 2343 678 2407 Taedet
696 2346 839 2406 rationes
862 2341 922 2406 Pa-

172 2451 243 2532 gii,
266 2448 384 2531 quibua
407 2448 434 2508 is
453 2469 508 2508 saa
526 2445 636 2524 fulcit,
670 2460 723 2509 aut
746 2445 922 2530 speciosas,

167 2565 230 2614 aut
246 2549 408 2625 infirmas,
439 2563 492 2612 aut
510 2548 611 2611 nimio
629 2547 765 2611 subtiler
780 2529 921 2619 referre,

167 2673 273 2736 quas,
294 2653 322 2714 ai
347 2653 455 2738 cupis,
477 2651 632 2714 collector
655 2649 755 2720 babes
774 2649 859 2732 apud
876 2650 919 2712 cl.

168 2757 419 2820 Mazzolenum.
462 2755 506 2816 Ar
522 2754 633 2817 docuit
648 2750 864 2836 spanhemius
880 2757 920 2835 ¹),

167 2879 327 2936 omnem,
354 2869 410 2922 aut
437 2870 528 2919 certo
544 2858 752 2940 praecipuam
772 2856 837 2918 viru
863 2874 921 2938 po·

167 2963 300 3024 testatis
315 2959 560 3046 proconsularis
580 2959 615 3019 in
638 2957 845 3042 imperatoris
865 2975 919 3020 vo·

167 3065 298 3146 ubalq
310 3065 409 3126 luisse
432 3047 590 3144 positam,
612 3061 704 3144 cujus
728 3079 848 3144 nempe
866 3080 920 3122 au·

167 3165 286 3252 spiciis
301 3164 440 3228 Romani
464 3161 564 3225 duces
584 3164 671 3228 bella
690 3162 920 3248 suscipiebant,

164 3289 238 3354 quo
266 3289 332 3331 uno
357 3266 489 3330 nomine
515 3287 702 3351 supremum
730 3280 916 3328 exterarum

986 1249 1067 1311 pere
1084 1227 1197 1292 differt
1217 1227 1293 1306 iila,
1316 1251 1411 1316 quam
1431 1239 1581 1319 exposuit
1601 1245 1733 1308 Macco.

985 1331 1079 1396 lenus
1096 1327 1143 1411 ι’).·

1046 1433 1098 1494 Ex
1112 1433 1207 1496 dietis
1221 1431 1389 1498 luculenta
1404 1439 1630 1524 perspicimus,
1647 1462 1731 1530 qaas

983 1533 1082 1597 luerit
1093 1533 1223 1618 imperii
1233 1537 1477 1616 proconsularis
1488 1545 1642 1609 Caesarei
1650 1571 1730 1631 praa

983 1636 1061 1712 illo,
1084 1637 1170 1721 quod
1197 1638 1230 1697 in
1247 1637 1328 1700 alios
1348 1641 1438 1702 vario
1456 1657 1606 1728 ternpore
1630 1648 1732 1716 colla.

983 1752 1050 1801 tum
1064 1738 1140 1814 fiait,
1164 1738 1372 1802 excellentia.
1415 1745 1735 1843 Exadductoenirn·
1864 1769 1867 1776 ’

981 1842 1077 1905 altius
1094 1841 1209 1902 Dionia
1227 1840 1433 1918 testimonio,
1456 1865 1521 1928 quo
1539 1847 1645 1913 delata
1661 1856 1728 1916 Au·

981 1957 1077 2025 gusto
1107 1963 1146 2004 ea
1173 1955 1318 2024 potestas
1347 1959 1516 2024 narratur,
1555 1951 1660 2036 liquet
1690 1959 1727 2034 10,

979 2043 1082 2107 luisse
1101 2063 1172 2106 eam
1196 2043 1353 2126 majorem
1379 2044 1412 2104 in
1437 2049 1573 2132 singulis
1595 2057 1727 2136 provin.

979 2147 1057 2222 ciis,
1079 2167 1175 2230 quam
1198 2165 1310 2244 earum
1339 2145 1515 2230 praelectis
1539 2155 1726 2236 ordinariis,

979 2269 1021 2312 ex
1042 2269 1107 2332 quo
1124 2248 1198 2330 jure
1215 2247 1256 2310 de
1279 2251 1438 2314 sententia
1458 2254 1648 2336 Spaabemii
1666 2257 1727 2324 llu-

979 2351 1026 2415 ait
1060 2352 1158 2413 etiam
1196 2363 1357 2432 potestas,
1407 2355 1440 2414 io
1477 2361 1723 2438 proconsulum,

977 2451 1032 2534 qui
1051 2451 1227 2533 prouinciis
1252 2454 1366 2535 populi
1384 2455 1424 2518 R.
1440 2475 1648 2540 praeessent,
1677 2465 1725 2527 fa·

979 2567 1030 2616 cta
1051 2568 1080 2613 et
1114 2573 1224 2616 mores
1252 2552 1459 2635 inquirendi,
1495 2561 1600 2625 missis
1624 2565 1723 2628 etism

978 2656 1011 2717 in
1040 2655 1095 2718 eas¹
1122 2654 1366 2736 cognitoribus,
1399 2659 1455 2742 qui
1476 2681 1548 2724 suas
1569 2682 1607 2725 ea
1630 2665 1663 2726 in
1685 2687 1723 2730 rs

977 2757 1272 2842 vicesimplerant,
1297 2743 1723 2850 cuju·sillustreexeuaplum

978 2859 1078 2924 offert
1094 2879 1237 2922 marmor
1254 2857 1389 2920 Gruteri
1405 2859 1446 2941 c).
1468 2863 1507 2925 11.
1526 2863 1627 2929 luisse
1647 2866 1724 2930 eum

976 2962 1243 3048 proconsulatum
1278 2973 1495 3042 perpetuum,
1533 2985 1616 3044 nou,
1647 2989 1724 3052 qua·

977 3065 1017 3127 lis
1034 3065 1097 3128 luit
1115 3083 1245 3139 eorum,
1269 3082 1350 3146 quos
1370 3083 1466 3144 supra
1483 3069 1721 3147 recensuimus,

975 3169 1230 3250 temporariam,
1251 3185 1360 3248 neque
1381 3185 1518 3228 necesse
1541 3169 1661 3246 luisse,
1683 3173 1723 3233 il·

974 3269 1033 3332 lud
1053 3269 1157 3332 semel
1176 3280 1348 3350 acceptum
1376 3265 1532 3350 deinceps
1556 3275 1720 3350 renovari,

164 3374 296 3455 justas
316 3381 350 3433 et
372 3367 569 3431 urbanarum
600 3389 710 3435 rerum
736 3367 916 3444 arbitrium,
974 3386 1029 3436 aar
1054 3374 1110 3434 ΠΙ.
1131 3391 1209 3433 eam
1237 3369 1323 3432 intra
1346 3371 1552 3452 pomoerium
1577 3371 1723 3456 depone.

164 3474 385 3555 omniumque
402 3471 648 3554 magistratuum
664 3471 735 3554 jura
757 3473 790 3532 in
807 3474 917 3552 Augu:
973 3491 1031 3549 re,
1065 3467 1153 3555 quod
1184 3483 1292 3533 tamen
1322 3471 1395 3534 aliis
1423 3472 1483 3534 luit
1513 3472 1719 3557 imperatum.

162 3589 278 3650 stum,
313 3587 350 3636 ut
374 3571 479 3638 docet.
500 3573 585 3648 Dio,
621 3573 731 3640 fuera
752 3573 914 3637 translata.
972 3575 1025 3636 Eu
1047 3573 1107 3636 tibi
1133 3571 1382 3654 proconsulatus
1397 3577 1549 3638 Caesarei
1572 3599 1637 3640 non
1654 3575 1720 3642 am·

160 3679 315 3752 Tamen,
344 3671 406 3738 etsi
426 3674 661 3760 proconsulare
687 3677 860 3762 imperium
876 3675 917 3738 ab
971 3677 1064 3760 plum
1083 3673 1182 3737 modo
1199 3673 1394 3752 discrimen,
1417 3677 1484 3762 aed,
1498 3692 1533 3740 et
1554 3673 1722 3744 excellan-

163 3779 381 3862 imperatoris
397 3779 493 3841 titulo
508 3778 704 3857 duceretur,
724 3777 827 3842 fuisse
842 3796 916 3861 pro·
972 3780 1061 3842 tiam.
1104 3777 1186 3840 Nam
1216 3777 1244 3838 si
1273 3776 1338 3858 jam
1365 3780 1481 3856 nimia,
1512 3793 1545 3842 ut
1575 3780 1720 3846 libertati

159 3881 316 3946 consulis
331 3901 450 3943 nomen
463 3882 621 3964 peculiari
637 3881 679 3944 de
695 3901 810 3956 causa,
832 3894 866 3941 et
883 3877 916 3940 io
972 3879 1101 3941 inimica
1124 3877 1292 3963 plerisque
1311 3877 1379 3943 risa
1396 3881 1458 3945 luit
1475 3884 1719 3967 proconsularis

160 3985 309 4068 Augusti
328 3985 464 4067 gratiam
478 3982 635 4048 addilum.
678 3983 811 4048 Dirisus
826 4001 918 4076 nem·
972 3979 1124 4064 Pompeii
1147 3993 1305 4061 potestas,
1327 3982 1391 4043 etsi
1412 3985 1495 4048 intra
1520 3986 1744 4072 quinquageg

159 4103 211 4170 pe
231 4085 274 4148 ab
295 4105 339 4148 eo
363 4087 472 4150 luerat
498 4085 587 4149 orbis
608 4089 649 4150 tt.
675 4085 708 4144 iu
732 4083 915 4169 provincias
973 4083 1090 4144 simam
1117 4083 1237 4172 amari
1261 4083 1447 4146 milliarium
1480 4086 1717 4164 contineretur,

160 4188 317 4268 Caesaris
330 4203 364 4252 et
378 4189 508 4272 populi,
531 4209 665 4270 quarum
677 4185 914 4270 posterioribus
973 4201 1092 4270 quanto
1107 4185 1318 4249 illustriorem
1327 4207 1463 4250 necesse
1472 4201 1523 4250 est
1532 4187 1632 4251 luisse
1642 4210 1719 4272 pro·

158 4291 371 4372 magistratus
390 4290 504 4374 populi
523 4289 583 4352 sub
606 4289 840 4375 proconsulum
858 4308 914 4352 no-
972 4290 1175 4382 consulatum
1198 4290 1419 4370 Augusteum,
1451 4289 1504 4352 cui
1529 4291 1716 4372 provinciae

160 4393 253 4456 ine
266 4405 472 4478 praeessent.
515 4389 630 4468 Vade,
652 4392 914 4456 utuibilomiuus
972 4411 1101 4465 omnes,
1132 4409 1240 4475 neque
1260 4403 1381 4452 tantum
1406 4409 1516 4454 earum
1541 4413 1633 4474 pars,
1658 4393 1717 4456 sed

156 4497 312 4564 caesam
331 4494 487 4579 auspiciis
507 4513 621 4558 omnes
639 4493 715 4560 illas
727 4495 913 4579 provincias
971 4507 1058 4558 totae
1072 4493 1206 4590 luerunt
1221 4491 1409 4576 subjectae?
1433 4495 1643 4592 Quapropter
1659 4516 1715 4559 aa·

192 4721 225 4788 a)
243 4713 324 4774 oiss.
343 4709 413 4772 ΧΠ.
432 4731 464 4791 p·
482 4709 546 4777 sot.
599 4663 655 4781 ¹b)
674 4707 695 4768 l.
715 4727 739 4768 c.
757 4729 790 4798 p.
812 4710 875 4776 156.
948 4711 976 4784 c)
995 4709 1064 4785 Pag-
1083 4716 1146 4774 sot.
1168 4716 1194 4772 o
