4206 5482
375 415 377 423 ‘
466 391 513 506 Q·
606 445 1238 548 ιιιιιιιιιιιιιι.ιιιιι,
1623 463 1695 546 ιιι

148 633 223 722 plat
262 629 385 694 habent
422 627 677 714 probabilitatis,
718 633 896 716 speciosius
953 629 1048 696 lallit.
1091 633 1226 698 Certum
1248 643 1299 696 est
1319 631 1426 706 enim,
1449 631 1693 716 inscriptionem
1777 681 1782 686 -
1828 721 1832 728 ι

149 735 236 798 dicta
275 733 358 806 slat,
392 750 493 815 quam
529 733 649 795 serius.
693 733 897 826 Quanquam,
954 752 1088 800 aversae
1119 753 1252 818 semper
1282 731 1324 797 asl
1354 746 1463 816 typum
1494 733 1581 812 justa
1613 735 1695 817 posi·

149 852 364 922 quaecunque
384 832 426 895 sit
443 849 594 899 manente
616 837 731 900 eadem
754 851 830 926 nota
851 835 898 896 sli-
922 877 934 888 .
955 849 1023 898 tuns
1044 835 1180 912 referri,
1203 854 1285 918 ergo
1302 834 1331 897 ai
1346 835 1516 918 inscriptio
1539 833 1711 918 quaedam·
1804 889 1810 896 .

151 938 288 1004 versitas
310 933 484 1018 ponderis,
506 936 593 1000 sales
617 951 733 1002 tamen.
747 958 819 1000 esse
842 957 898 1022 po·
955 953 1066 1022 typum
1089 937 1151 1018 jam
1175 937 1291 1010 habet,
1326 936 1416 1018 cujas
1438 955 1532 1020 causa
1554 935 1699 1021 adposita

121 1041 215 1104 ¹test
237 1035 362 1102 leberti
392 1037 558 1114 doctrina,
590 1038 618 1102 si
648 1040 899 1156 perpepdamus,
927 1053 930 1058 '
958 1055 1024 1115 est,
1054 1057 1163 1101 nonna
1193 1037 1329 1102 otiosam
1360 1039 1545 1121 putabimus
1575 1037 1702 1124 epigra-

150 1141 341 1202 hscaetate
363 1151 400 1201 nt
420 1140 562 1203 omnium
581 1161 711 1218 rerum,
735 1141 781 1204 sic
799 1143 900 1204 atrei
957 1142 1045 1226 phen
1067 1141 1222 1214 alteram,
1236 1156 1327 1223 quas
1350 1159 1505 1223 quorsum
1527 1139 1700 1215 reseratur,

109 1237 113 1243 '
150 1241 354 1306 monetariae
384 1263 541 1304 summam
573 1241 674 1304 fuisse
704 1243 901 1326 perversita·
958 1264 1024 1306 non
1046 1239 1166 1304 hahet?
1188 1241 1435 1310 EstoVictoria
1457 1255 1491 1304 et
1513 1241 1701 1324 epigraphe,

150 1357 233 1410 tem.
256 1343 901 1407 Ceterumsiarernorenclishisdubiia
960 1359 994 1408 et
1024 1357 1116 1426 typus
1147 1342 1249 1426 partis
1277 1361 1425 1419 eversae,
1466 1343 1543 1428 quid
1583 1359 1703 1426 quaeso
1755 1353 1759 1362 ‘

151 1465 283 1507 mamam
316 1446 466 1522 retraho,
498 1457 586 1506 tanto
616 1445 744 1508 facilius
772 1447 906 1509 veniam
958 1444 1000 1508 ad
1021 1445 1104 1508 hahc
1125 1443 1304 1526 pertinebit
1327 1445 1432 1508 Beata
1455 1447 1703 1528 Tranquillitas,

151 1545 328 1622 merebor,
370 1561 490 1631 quanto
515 1545 643 1624 certius
673 1560 817 1622 constat,
857 1568 899 1610 ne
958 1567 1073 1630 quam,
1096 1546 1204 1628 ajunt,
1228 1545 1353 1629 positae
1374 1545 1463 1628 juxte
1485 1546 1601 1608 literae
1624 1545 1703 1608 BT

150 1649 241 1731 ipsos
259 1647 391 1741 quidem
411 1649 503 1722 illos,
526 1648 581 1731 qni
599 1647 707 1710 dedita
725 1670 826 1732 opera
844 1648 901 1710 hu·
952 1648 1182 1733 eloquuntur?
1221 1647 1274 1712 nd
1298 1646 1387 1718 ,haec
1416 1667 1482 1710 non
1514 1645 1634 1726 suflicit
1664 1638 1723 1708 sd'
1774 1679 1775 1682 ι

150 1749 202 1829 jus
216 1761 340 1832 tantum
354 1747 466 1812 aetatis
484 1764 645 1822 monetam
659 1749 721 1812 sibi
735 1751 901 1834 erplicsn·
959 1749 1158 1814 statuendam
1175 1747 1364 1833 generalem
1384 1752 1565 1834 quampiam
1585 1750 1705 1832 legem,

151 1847 226 1914 dem
243 1871 432 1942 sumpsere,
454 1851 843 1934 Ducangiutn‘intelligo,
865 1868 901 1918 et
960 1872 1033 1914 ease
1064 1851 1186 1936 aliquas
1216 1851 1347 1926 literne,
1378 1871 1419 1913 ex
1451 1853 1568 1934 quibus
1598 1851 1703 1916 facilis

150 1950 375 2030 Bandnrium,
399 1955 487 2018 ciros
510 1955 717 2037 perspicaces
739 1976 834 2033 sane,
862 1957 900 2022 ιι
959 1952 1088 2036 quidam
1112 1953 1350 2037 sensuspossit
1371 1953 1460 2029 erui,
1482 1974 1555 2016 cum
1578 1955 1703 2038 majore

151 2053 320 2130 eruditos,
350 2055 525 2140 implerem
555 2057 652 2132 hune,
682 2059 781 2142 atqua
810 2059 902 2122 iniri·
959 2054 1063 2140 rnulto
1078 2075 1217 2118 numero
1232 2057 1295 2118 sint
1308 2054 1409 2138 alise,
1426 2077 1468 2120 ex
1484 2055 1601 2140 quibus
1616 2056 1703 2121 istud

150 2169 255 2219 catam
288 2155 456 2220 doctrinae
486 2171 613 2240 partem
643 2159 787 2222 voluisse
809 2160 902 2221 attin·
960 2155 1101 2218 obtineri
1123 2157 1248 2240 nequit
1289 2159 1395 2240 Hujus
1417 2159 1548 2241 generis
1570 2171 1645 2220 sunt
1666 2157 1703 2220 li·

152 2277 253 2341 gere,
277 2277 414 2342 eamque
432 2259 530 2321 etiam
549 2259 662 2342 procul
682 2260 830 2324 habuerit
848 2263 901 2324 Bi·
959 2251 1050 2321 terne
1072 2257 1236 2321 solitariae
1259 2259 1312 2322 tel
1334 2261 1488 2332 Latinae,
1519 2259 1573 2320 vel
1602 2257 1704 2322 Grae·

151 2355 285 2432 mardes
315 2357 357 2420 ds
385 2359 417 2420 la
438 2361 566 2432 Bastia
599 2362 660 2424 eni
690 2383 825 2468 severus
847 2367 900 2428 hic
959 2379 1032 2434 ese,
1049 2380 1131 2442 quse
1154 2359 1269 2424 aueo
1253 2360 1387 2424 'isitium
1408 2361 1605 2458 epigraphes
1628 2380 1701 2426 esse

150 2480 274 2526 censor
302 2461 336 2521 in
367 2461 516 2524 omnibus
538 2463 610 2524 lere
633 2463 703 2525 aliis
725 2453 830 2546 cineis
852 2469 900 2530 ln·
957 2479 1025 2524 non
1046 2475 1198 2546 possunt,
1218 2481 1292 2525 cum
1315 2464 1396 2526 hacc
1418 2483 1509 2536 ιιιο,
1529 2465 1703 2548 praecipue

149 2561 240 2624 harri
271 2559 388 2624 dictata
420 2577 475 2626 aut
504 2546 708 2640 conareris,
730 2580 784 2628 aut
806 2567 900 2632 novis
958 2562 993 2624 in
1015 2563 1121 2624 numi·
1144 2563 1310 2628 interioris
1329 2565 1423 2642 seri,
1445 2565 1543 2627 unico
1566 2565 1705 2629 voeabu-

149 2663 332 2748 solidisque
356 2665 557 2750 argumentis
578 2665 833 2733 confirmaverit.
958 2663 993 2725 lo
1022 2662 1228 2742 absolvatur,
1256 2680 1311 2731 ant
1332 2665 1466 2729 Latinae
1489 2665 1624 2729 Graecis
1652 2686 1704 2729 as·

440 2813 459 2851 .
521 2765 541 2803 ⁸*
603 2813 689 2860 ,f
958 2765 1077 2842 cistae,
1106 2781 1141 2828 ιιι
1164 2761 1232 2830 ΓΕ.
1254 2763 1331 2832 ΑΓ.
1353 2779 1415 2832 etc.
1437 2781 1492 2829 sut
1512 2757 1610 2831 notae
1631 2769 1702 2831 sine
1773 2772 1780 2788 '

213 2866 382 2930 Praeter
372 2868 618 2952 inscriptionem
637 2884 736 2952 partis
753 2887 900 2948 aversae,
958 2865 1057 2930 <lubio
1092 2867 1318 2931 arithmeticae
1356 2887 1416 2930 sets
1451 2869 1605 2947 Iustinae,
1643 2891 1704 2934 sets

148 2970 350 3054 literaeque,
388 2991 470 3054 quae
501 2971 601 3034 imum
631 2969 721 3032 sahmi
751 2991 901 3055 segmen·
918 2965 1123 3045 Graecae,
1151 2983 1187 3032 ιιι
1214 2971 1259 3038 vl
1280 2969 1335 3032 rel
1356 2971 1442 3046 KS,
1469 2984 1522 3033 aut
1551 2971 1622 3052 ejus
1650 2993 1700 3034 ra·

148 3084 219 3134 iiim
251 3085 429 3154 occupant,
462 3095 581 3159 saepe,
612 3072 788 3160 praecipue
821 3073 898 3136 inde
956 3069 1073 3147 tionis,
1103 3071 1219 3156 quibus
1239 3091 1291 3135 'ne
1313 3071 1474 3134 Harduini
1502 3073 1664 3157 quidem
1654 3095 1703 3136 sn·

147 3171 189 3236 ab
213 3170 412 3248 Aureliano,
441 3189 621 3238 occurrunt
649 3177 683 3238 in
711 3195 787 3238 area
808 3177 899 3236 numi
957 3172 1089 3254 genium
1132 3174 1404 3257 signilioationern
1453 3176 1613 3258 reperiat,
1666 3181 1701 3238 ot

147 3273 245 3338 litera
268 3296 349 3343 uns,
373 3275 475 3352 duae,
497 3279 602 3340 rarius
622 3292 687 3338 tres
706 3292 896 3362 quatuorve,
955 3273 1066 3351 BKV,
1089 3277 1180 3344 lKV·
1222 3277 1410 3341 Consultiua
1431 3276 1532 3359 igitur
1555 3277 1619 3339 erit
1640 3289 1702 3340 sta·

147 3375 276 3462 eaeqn'e
309 3375 362 3440 vel
384 3375 540 3454 Latinae,
571 3379 624 3442 vel
647 3381 812 3456 Graecae,
844 3380 897 3444 rel
955 3375 1147 3454 tuere,·has
1169 3377 1280 3466 literas
1302 3391 1357 3440 sut
1377 3399 1450 3440 esse
1474 3392 1565 3441 notes
1588 3399 1699 3442 moste-

145 3491 308 3562 utraeque
330 3478 522 3560 permistae.
566 3481 631 3544 Eas
649 3481 801 3568 lohertus
822 3501 895 3546 esse
954 3481 1126 3555 tariorusn,
1143 3479 1261 3564 quihus
1281 3492 1336 3542 ιιιι
1358 3477 1508 3544 ollicinse
1530 3501 1567 3543 se
1588 3479 1701 3547 distin·

144 3579 327 3663 ἁρχαιισας
349 3579 581 3644 vocabulorum
596 3583 775 3660 existimat
797 3603 845 3646 arc
861 3597 896 3646 ιιι
954 3601 1051 3658 xere,
1072 3593 1127 3646 aut
1142 3580 1264 3667 aliquid
1285 3581 1504 3650 intellectum
1508 3580 1586 3659 luit,
1610 3583 1698 3668 quod

144 3677 402 3763 B'l'signilicet
420 3685 523 3746 Beata
542 3687 797 3768 Tranquillitas,
820 3686 894 3747 ΕΤ
953 3701 1026 3746 oum
1050 3681 1218 3766 explicare
1240 3684 1405 3756 volumus,
1424 3683 1513 3748 aliud
1535 3685 1598 3747 nisi
1619 3700 1698 3750 tem·

142 3781 305 3846 Felicitas
327 3783 535 3863 Temperans,
559 3786 583 3847 C
607 3787 637 3848 R
659 3789 804 3856 Claritas
820 3789 894 3850 Rei·
911 3785 1043 3868 poris
1063 3785 1221 3868 jacturam
1242 3805 1309 3849 uon
1331 3763 1520 3856 auferimus.

137 3887 310 3965 publicae,
339 3897 401 3948 etc.
422 3899 519 3969 atque
539 3885 621 3950 hane
643 3888 894 4004 explicationem
981 3896 985 3904 “
1226 3931 1247 3972 g
1308 3887 1328 3924 ⁴
1391 3935 1408 3969 ,

141 3983 360 4049 certissimam
392 3989 555 4050 existimat
588 4003 779 4072 propterea,
818 3990 894 4074 quia
1014 3991 1198 4074 Supersunt
1219 4005 1315 4055 notae
1344 3990 1500 4075 quaedam
1523 3989 1697 4054 chronolo·

140 4087 265 4151 similis
286 4087 443 4152 voeabula
465 4111 562 4175 saepe
589 4093 687 4174 plene
710 4091 893 4175 perscripta
951 4090 1044 4173 gicse
1061 4092 1157 4175 hujus
1173 4091 1285 4180 classis
1305 4091 1412 4154 numia
1430 4091 1585 4156 insertae.
1616 4089 1696 4154 lnde

140 4187 178 4257 ἰιι
199 4189 308 4251 nemis
324 4193 552 4273 reperiuntur,
574 4194 643 4277 ipsa
657 4213 736 4256 vero
754 4207 901 4280 propter·
949 4215 968 4260 a
995 4192 1120 4258 Iustino
1148 4195 1172 4255 l.
1201 4205 1233 4254 et
1263 4194 1431 4276 complura
1462 4193 1695 4276 consequentia

140 4289 240 4376 spatii
258 4293 422 4375 angustias
447 4309 512 4358 tota
534 4297 667 4360 inscribi
689 4316 755 4358 aon
776 4310 891 4379 potae·
948 4295 1086 4377 imperis
1107 4296 1141 4357 in
1163 4314 1277 4358 aversa
1309 4309 1460 4358 monetae
1482 4314 1604 4358 aeneae
1626 4315 1695 4357 sae·

137 4411 181 4456 re
199 4393 240 4474 ⁸).
269 4395 311 4456 Δι
337 4415 418 4458 vero
443 4397 601 4480 judicium
625 4398 729 4474 istud,
750 4411 821 4461 utut
843 4397 892 4460 in·
946 4417 989 4484 pe
1012 4397 1142 4480 legitur¹
1163 4394 1295 4460 ANNO.
1319 4397 1484 4460 1.11.1tt.
1514 4409 1580 4461 etc.
1622 4397 1693 4460 Has

137 4491 326 4578 geniorum'
348 4496 455 4562 videri
485 4513 623 4584 potest,
644 4500 749 4583 palam
781 4513 888 4564 tamea
946 4499 1128 4586 epigraphe
1150 4499 1287 4564 indicari
1308 4487 1409 4564 annos
1431 4497 1567 4582 imperii
1583 4498 1693 4584 singu·

170 4714 206 4800 p)
224 4711 308 4770 Tem.
327 4711 364 4772 ll.
384 4733 452 4794 pag.
472 4723 534 4779 155.
571 4679 573 4684 Ι
