4244 5484
443 411 606 492 CAPVT
634 410 686 489 X.
737 413 805 494 DE
840 411 1121 494 Ttttnvutcte
1146 415 1451 501 Potestne.
1648 439 1730 520 391,

703 973 1184 1114 CAPVTX.

414 1345 496 1408 BE
547 1343 992 1410 TRIBVNICIA
1038 1346 1476 1414 Poenorum

165 1673 382 1785 Tribunicia
405 1708 639 1795 imperatorum
662 1723 806 1794 potestas
824 1734 844 1776 a
861 1711 918 1775 tri·
974 1733 1048 1777 rum
1070 1713 1115 1798 pl.
1138 1725 1300 1798 potestate
1329 1715 1468 1780 subinde
1490 1716 1523 1777 in
1544 1718 1719 1804 insperato·

166 1818 266 1884 bunis
284 1813 392 1900 plebis
412 1813 560 1887 ducitur,
596 1813 652 1897 qui
668 1835 752 1876 anno
771 1826 844 1896 post
863 1835 917 1878 ex·
973 1836 1029 1877 res
1057 1815 1217 1878 transfusa
1249 1815 1350 1892 nitide
1380 1819 1535 1885 disseruit
1556 1821 1597 1886 cl.
1621 1823 1662 1888 de
1684 1825 1716 1890 la
1847 1875 1851 1882 .

167 1937 262 1989 actos
284 1939 384 2003 reges
407 1918 513 1991 m,
544 1916 584 1983 V·
610 1915 645 1976 C.
667 1915 727 1978 abu
749 1915 916 1980 constituti
972 1905 1133 1980 Blet'terie
1156 1917 1268 1982 Gallus
1284 1916 1328 2000 1ἱ).

166 2039 262 2102 sunt,
296 2035 333 2086 ut
369 2017 461 2104 plebi
494 2005 668 2081 adversum
704 2017 944 2099 patriciorum·
1035 2018 1194 2095 Primus,
1212 2019 1266 2082 cui
1296 2009 1561 2090 estra'ordinem
1582 2025 1716 2097 decretu

166 2126 394 2199 insolentiam,
427 2133 461 2184 et
482 2120 649 2182 saevitiem
679 2119 845 2200 praesidio
866 2139 917 2182 es·
973 2133 1024 2182 est
1047 2119 1220 2186 tribunicia
1240 2135 1401 2204 potestas,
1432 2124 1494 2186 fuit
1514 2129 1615 2192 lulius
1638 2133 1718 2199 Cae·

166 2241 253 2294 sent
303 2225 430 2319 Quibus
469 2221 622 2304 gradibus
661 2241 777 2282 eorum
815 2221 913 2298 vires,
973 2243 1027 2285 sar
1043 2235 1183 2286 testante
1200 2223 1286 2286 istud
1302 2227 1411 2289 Dione
1426 2226 1468 2307 e).
1489 2228 1650 2296 Nimirum
1667 2234 1717 2296 in·

165 2351 207 2395 sc
228 2333 374 2416 putentia
396 2323 576 2399 creverint,
608 2343 769 2406 quamque
792 2323 915 2388 luerint
971 2337 1024 2388 ter
1044 2323 1127 2387 alios
1150 2325 1314 2404 honores,
1344 2346 1426 2412 quos
1450 2329 1564 2394 suduc—
1578 2336 1716 2401 victori.

165 2451 235 2495 non
265 2431 411 2516 patriciis
440 2427 555 2503 modo,
583 2425 642 2488 sed
671 2424 749 2507 ipsis
780 2425 914 2488 summis
970 2425 1158 2490 Pharsalica
1174 2426 1509 2515 eidetulitp'opnlus
1530 2433 1715 2518 luticiam,

166 2533 411 2618 magistratibus
444 2551 560 2613 graves
591 2547 628 2590 sc
659 2527 809 2600 molesti,
847 2549 913 2590 non
970 2541 1007 2590 ut
1027 2549 1089 2612 per
1110 2549 1241 2592 omnem
1268 2531 1367 2596 vitam
1390 2529 1595 2600 tribuniciam
1618 2540 1717 2602 etim

165 2649 219 2700 est
235 2636 329 2717 hujus
345 2635 409 2698 loct
424 2649 694 2698 commemorare
737 2629 825 2691 istud
843 2650 914 2692 cer·
971 2631 1211 2714 quodammodo
1272 2647 1467 2716 potestatem
1537 2639 1713 2705 obtineret

165 2751 258 2814 tuna,
289 2737 411 2818 majori
442 2734 597 2807 tribunis,
627 2745 724 2815 atque
755 2734 914 2816 tmpliora
970 2733 1062 2796 Idem
1089 2735 1193 2797 honos
1222 2733 1349 2797 oblutus
1372 2737 1552 2802 Octaviano
1574 2757 1647 2823 post
1667 2745 1715 2809 vi.

165 2837 798 2921 luisseeoncessajuraacpotestatern,
817 2857 912 2920 qnam
970 2849 1057 2898 ctum
1086 2835 1120 2896 in
1149 2835 1261 2900 Sicilia
1289 2835 1366 2898 Ser.
1393 2839 1586 2925 Pompejum
1616 2845 1716 2928 Lepi·

165 2955 204 3006 nt
218 2961 402 3026 principes,
424 2960 479 3022 qut
495 2960 600 3023 remp·
616 2941 823 3015 everterunt,
844 2957 913 3000 om·
970 2936 1128 3022 dumque,
1165 2936 1193 2999 si
1229 2921 1312 3001 ficies
1346 2938 1535 3024 Orosiod),
1571 2943 1641 3009 sire
1671 2947 1715 3010 sti

165 3043 324 3127 niumque
339 3043 373 3103 in
390 3061 426 3105 se
444 3033 687 3126 magistratuum
707 3042 795 3104 vires
811 3055 914 3103 trans·
968 3040 1287 3136 Actium'Antoninm
1309 3053 1395 3104 teste
1411 3042 1530 3110 iterum
1548 3046 1655 3109 Dione
1671 3049 1712 3131 ⁸),

164 3148 262 3210 terre
290 3157 366 3208 sunt
396 3145 518 3220 conati,
551 3164 617 3206 non
648 3144 745 3205 etism
775 3143 913 3206 tribuni·
969 3137 1028 3204 s'etl
1050 3161 1159 3224 quem·
1177 3154 1245 3206 tum
1276 3142 1407 3206 ridetur
1436 3158 1576 3209 autnon
1599 3167 1714 3234 eccep-

162 3250 253 3314 cism
281 3247 506 3310 anctoritatem
535 3245 712 3324 ambirent,
741 3259 796 3309 aut
822 3246 911 3308 ultro
968 3256 1071 3320 tasse,
1102 3255 1157 3306 aut
1185 3255 1277 3308 certe
1305 3246 1526 3329 negligentius
1549 3247 1714 3320 habuisse.

164 3351 230 3416 sibi
245 3347 370 3413 deferri
386 3347 669 3432 concupiscerent.
691 3349 806 3432 Neque
824 3348 911 3412 enim
968 3341 1100 3408 Eteniin
1131 3365 1216 3408 anno
1246 3359 1321 3430 post
1350 3368 1390 3411 ea
1421 3349 1578 3430 septimo,
1609 3353 1652 3422 V,
1674 3355 1711 3420 c.

164 3451 288 3536 exigue
308 3450 370 3513 fnit
387 3449 427 3514 sd
450 3471 608 3513 summam
630 3449 698 3514 sire
720 3451 911 3534 potentiam,
968 3449 1049 3531 731,
1079 3459 1116 3509 nt
1135 3447 1224 3512 idem
1245 3447 1311 3512 Dio
1340 3449 1509 3531 retent),
1542 3451 1714 3530 decretum

163 3553 236 3619 sive
257 3552 449 3618 felicitatem
467 3553 632 3632 accessio,
655 3572 729 3616 esse
747 3571 912 3614 sacrosan·
968 3571 987 3614 s
1010 3561 1142 3627 senatu,
1176 3562 1212 3612 ut
1232 3554 1397 3636 Augustus
1426 3551 1576 3624 tribunus
1603 3555 1713 3640 plebi·

164 3671 273 3732 ctum,
303 3669 355 3733 et,
385 3669 422 3719 nt
443 3655 487 3718 ait
509 3656 692 3738 ctuer0·),
723 3675 789 3718 non
811 3653 910 3717 medo
967 3664 1146 3740 perpetuus
1168 3665 1274 3732 esset,
1296 3652 1449 3738 additque
1471 3657 1714 3754 continuerin-

163 3774 281 3825 oontrs
301 3759 368 3824 rim
389 3772 424 3822 et
439 3757 589 3833 -,serrnm
618 3755 804 3820 sedetiam
835 3776 912 3820 oon
967 3754 1010 3816 sie
1033 3768 1198 3831 exortum,
1220 3767 1257 3817 nt
1278 3756 1461 3840 Augustus,
1492 3745 1613 3844 quique
1636 3773 1716 3825 cuns

162 3877 217 3927 trs
257 3847 358 3927 verbs
396 3859 526 3941 legibus
568 3860 702 3922 sacratis
741 3874 910 3936 armatum,
967 3857 1072 3922 secuti
1100 3869 1174 3920 snut
1202 3855 1436 3940 imperatores,
1466 3859 1543 3942 lege
1573 3863 1712 3944 quadam

161 3984 263 4050 posse
287 3962 533 4048 quibuscunque
554 3961 873 4026 senatusconsultis
862 3983 912 4022 an·
967 3979 1040 4038 cnm
1062 3957 1198 4042 reliquis
1220 3959 1312 4050 bisce
1334 3957 1529 4037 honoribus,
1560 3977 1626 4028 tum
1654 3965 1743 4051 tri-j
1841 3990 1845 3998 ·

161 4063 359 4142 tercedere,
381 4084 582 4141 conuocare,
605 4085 679 4128 cum
702 4063 848 4139 luberet,
871 4083 909 4126 ac
966 4060 1095 4124 bunicis
1115 4073 1277 4145 potestate
1298 4074 1479 4124 uterentur.
1506 4063 1635 4129 Primus
1657 4085 1710 4128 er·

161 4168 331 4234 dimittere
361 4179 507 4230 senatum
539 4167 780 4252 populumque,
808 4167 910 4248 mugi·
966 4183 1009 4248 go
1039 4163 1102 4226 tuit
1130 4165 1311 4246 Augustus,
1342 4162 1405 4245 qni
1434 4182 1505 4226 eam
1538 4165 1598 4234 hec
1628 4167 1707 4251 lege
1820 4171 1827 4190 ⁸

161 4285 283 4336 stratus
304 4269 367 4333 sibi
390 4268 585 4334 obsistentes
606 4291 640 4335 vr
631 4269 698 4332 'ad
715 4267 908 4354 obsequium
965 4267 1124 4350 suscepit,
1148 4286 1210 4350 qus
1230 4261 1316 4346 apud
1337 4283 1544 4329 successores
1568 4265 1707 4335 saluisse

161 4374 308 4458 adigere.
350 4371 457 4448 Vide,
488 4393 570 4462 quac
601 4369 643 4434 de
672 4371 734 4436 bac
762 4369 909 4434 tribuno·
965 4387 1006 4431 ex
1028 4382 1176 4434 veterum
1199 4365 1655 4452 monumentisiutclligimus.

192 4597 1154 4688 )proSextsoblB.LTon.XXVl1em.pug,392
1236 4597 1317 4673 0)1„
1336 4596 1426 4662 xm
1446 4616 1471 4659 c
1490 4609 1535 4710 29
1617 4599 1653 4675 d)
1670 4598 1704 4660 L

158 4699 321 4764 stem
415 4693 674 4838 s)1nL1..919
766 4688 1047 4764 obnitimur.
