4226 5500
452 570 477 642 i
861 603 867 612 .
1037 547 1427 624 annuunt

452 745 515 814 qne
541 725 575 784 in
603 719 751 804 utrisque
773 737 932 804 apparere
955 731 1077 782 certam
1101 739 1200 804 quan·
1255 719 1346 782 nium
1372 717 1595 802 Berthelemyi
1625 717 1704 784 ibid.
1734 739 1807 804 pag.
1830 719 1921 790 XXV.
1944 725 1969 785 ia

374 847 378 860 ·
451 827 525 892 dam
548 823 673 888 metalli
694 821 932 899 differentiam,
957 821 1136 900 mixtione,
1165 833 1201 885 ut
1256 835 1344 888 notu.

450 928 557 994 videri
573 925 695 1012 possit,
718 925 752 988 in
772 923 921 990 omnibus
939 923 1081 986 fortuita.
1113 923 1199 986 Sane

448 1031 483 1092 in
502 1029 542 1092 iis
567 1047 716 1113 quoque,
742 1027 799 1112 qui
821 1025 990 1110 pondere,
1014 1023 1199 1103 volumine,
1543 1007 1624 1089 ¹⁰⁰8·
1643 1005 1724 1070 ffl-

447 1131 532 1216 typis
551 1143 626 1192 sunt
640 1129 810 1206 simillimi,
829 1130 893 1192 hoe
912 1148 1012 1190 unum
1031 1125 1200 1192 observari
1320 1125 1406 1196 Vide
1420 1125 1576 1190 nonnulla
1590 1123 1761 1191 observata
1776 1123 1815 1188 ad
1828 1126 1919 1209 Caput
1928 1128 1970 1192 xi

449 1231 646 1308 discrimen,
664 1231 752 1315 quod
767 1231 823 1294 alii
841 1231 927 1313 plus,
949 1229 1004 1308 ,tii
1020 1229 1126 1292 miuus
1146 1249 1201 1291 cu·
1257 1229 1291 1292 in
1305 1224 1549 1312 Encyolopddie
1564 1223 1776 1312 me'thodique
1788 1227 1842 1291 des
1853 1227 1971 1314 Antiqui·

448 1335 501 1420 pri
525 1335 710 1410 continent,
737 1347 771 1396 et
791 1332 877 1396 forte
893 1331 947 1396 vix
963 1344 1066 1394 exstat
1083 1351 1200 1392 numus
1258 1331 1307 1396 tds
1326 1331 1386 1394 sub
1406 1335 1498 1396 Uos'n.

449 1449 562 1512 vetus,
588 1437 644 1518 qui
662 1455 745 1518 puro
769 1434 811 1496 sit
829 1453 949 1516 cupro,
977 1429 1127 1495 omnibus
1144 1431 1202 1494 ali·

451 1559 514 1622 qua
525 1539 641 1600 saltem
655 1535 809 1598 materiae
823 1535 1066 1618 heterogeneae
1081 1531 1202 1597 admix-
1489 1516 1570 1600 1²08·
1588 1512 1772 1578 LXXVII·

451 1640 541 1702 tione
566 1637 772 1712 adulteratis,
790 1657 898 1720 nequo
914 1635 1001 1698 istud
1018 1637 1051 1697 in
1069 1657 1202 1700 romana
1324 1633 1429 1696 Etiam
1446 1634 1480 1696 in
1499 1634 1642 1697 Neronis
1661 1647 1792 1698 moneta
1806 1649 1916 1699 exstant
1931 1659 1973 1698 nn·

450 1741 556 1804 solum
577 1753 725 1816 moneta,
742 1739 801 1802 sed
815 1738 941 1801 Graeca
959 1758 1101 1824 quoqne.
1123 1740 1203 1800 Per·
1261 1737 1306 1802 mi
1324 1737 1436 1814 aenei,
1454 1737 1511 1822 qni
1525 1735 1583 1800 has
1594 1750 1690 1799 notas
1706 1757 1914 1821 suppressere.

451 1859 549 1904 curre
574 1861 690 1902 numos
715 1840 846 1904 urbium
868 1841 1009 1903 Moesiae
1029 1839 1203 1904 Thraciae·

451 1963 526 2029 que,
552 1943 734 2026 Phrygiae,
758 1943 1050 2026 Syriac‚'Aegypti
1065 1955 1128 2006 etc.
1151 1943 1203 2004 Ex
1373 1925 1455 2005 1²⁰3·
1471 1921 1637 1987 LXXXI·
1654 1922 1719 1988 ⁶⁰¹·
1735 1939 1764 1988 2·
1786 1921 1881 1988 ΖΜ·

452 2065 518 2130 qno
532 2045 607 2128 jure
623 2045 702 2108 licet
719 2064 872 2128 arguere,
891 2044 1066 2108 discrimen
1081 2043 1201 2107 valoris
1323 2041 1482 2106 Delector
1499 2039 1615 2106 Elidis.

451 2167 525 2212 esse
542 2147 576 2208 in
592 2148 697 2209 numia
712 2147 751 2208 iis
767 2167 831 2208 nun
847 2145 1012 2230 potuisse,
1034 2145 1067 2205 in
1086 2145 1201 2228 quihus
1606 2151 1615 2164 '

450 2263 516 2312 tam
543 2269 621 2332 uaga
646 2249 708 2312 fuit
736 2269 772 2311 ac
800 2247 960 2310 fluctuans
992 2227 1201 2308 metallorum
1260 2231 1290 2292 Ρ
1289 2247 1341 2312 1²8·
1357 2227 1533 2306 LXXXV
1527 2224 1573 2290 ῙῙ·
1591 2227 1653 2290 ⁶⁰²·
1670 2249 1699 2292 ¹·
1718 2227 1778 2291 ¹51¹·
1794 2225 1822 2291 3·
1836 2241 1918 2310 post:
1929 2230 1972 2306 ju·

452 2371 510 2414 eos
533 2349 798 2412 constituentium
821 2347 1019 2414 distributio.
1049 2347 1117 2410 Aes
1145 2345 1202 2411 ssa·
1395 2330 1516 2392 dicia
1536 2332 1746 2413 “sum‘'
1767 2332 1861 2392 ‘'dd“

452 2472 528 2514 vum
540 2451 574 2510 in
587 2451 711 2532 majore
723 2451 823 2512 faiam
840 2449 925 2532 apud
937 2461 1069 2512 veteres
1082 2449 1200 2532 pretio,
1294 2447 1436 2512 ·Exstat
1465 2461 1574 2511 tamen
1604 2449 1700 2512 locus
1729 2451 1905 2532 singularis,
1930 2451 1971 2534 qui

452 2573 548 2636 qnam
561 2571 716 2634 cuprum,
732 2565 767 2614 et
782 2549 930 2636 quidem,
945 2565 980 2613 ut
995 2551 1200 2616 confidenter
1258 2547 1322 2613 huc
1337 2550 1496 2634 pertinet,
1517 2551 1602 2636 apud
1618 2555 1783 2616 Zonaram
1799 2553 1850 2635 (L.
1864 2553 1935 2617 xlv.
1948 2571 1970 2613 c.

451 2653 591 2730 adserit,
620 2653 740 2738 duplo,
766 2673 831 2738 quo
858 2665 991 2716 auctore
1018 2653 1198 2737 acceperit,
1257 2653 1324 2734 aa).
1343 2655 1460 2716 Narrat
1480 2654 1508 2716 is
1525 2653 1566 2717 de
1583 2655 1760 2719 Iustiniauo
1775 2655 1968 2716 Rhinotmeto:

451 2755 581 2839 ignoro.
611 2755 648 2818 Si
668 2775 784 2822 verum
801 2753 862 2818 fnit
881 2755 1100 2832 orichalcum,
1122 2776 1202 2840 quo-
1257 2775 1315 2828 τας
1334 2777 1408 2834 προς
1427 2777 1495 2830 τους
1509 2757 1639 2838 Aeaeus
1653 2761 1806 2834 συνθηκας
1822 2759 1970 2838 caesione,

452 2859 540 2922 niam
559 2849 690 2923 veteres
710 2856 752 2920 de
770 2855 834 2920 hoc
859 2856 993 2920 metallo
1016 2877 1120 2942 aeque
1143 2875 1201 2919 no·
1256 2853 1357 2918 sitrico
1381 2857 1530 2938 εἰληφως,
1559 2857 1607 2922 ὁτι
1632 2863 1729 2950 ςαλςι
1753 2881 1788 2919 το
1809 2881 1858 2921 rso
1876 2856 1972 2932 irenam

452 2959 502 3022 bis
519 2959 685 3024 incondita
699 2957 876 3036 tradidere,
894 2957 1047 3043 quamde
1065 2959 1201 3022 carbun-
1257 2970 1345 3040 φορου
1361 2981 1518 3045 perpauper
1538 2959 1570 3022 mi
1591 2960 1746 3044 Ρωμαῖκοι
1767 2961 1832 3045 irps
1847 2971 1970 3041 coensiu-

453 3063 530 3125 culo
558 3083 634 3139 suo,
667 3075 701 3126 et
728 3083 930 3146 gemmarum
958 3063 1099 3139 virtute,
1129 3061 1198 3143 ejus
1255 3083 1319 3144 μα,
1342 3057 1429 3124 ἄλλα
1446 3083 1504 3124 asor
1526 3063 1672 3144 Αςαβιον.
1701 3057 1786 3124 Ovis
1803 3083 1862 3146 ιγιις
1878 3055 1970 3139 igniis

451 3165 595 3246 pretium
611 3165 714 3226 multo
729 3163 852 3228 auctius
865 3163 971 3246 potuit
984 3164 1199 3236 constituere;
1255 3179 1361 3248 χρυσῳ
1382 3179 1545 3246 repressere
1566 3185 1746 3249 χαρακτηρα
1769 3161 1939 3228 iururcuolin
1957 3155 1970 3234 i

452 3263 1200 3350 nametipsocl.ProcopiumcitattPag.108),
1256 3287 1307 3326 τοι
1332 3287 1385 3326 του
1411 3270 1562 3340 βασιλεως
1584 3264 1751 3348 Pupulus,
1780 3267 1895 3350 foedus
1914 3280 1969 3322 cun

454 3383 518 3450 quo
537 3379 622 3428 teste
639 3365 721 3430 illud
739 3369 850 3432 valore
871 3366 944 3430 sere
967 3386 1040 3440 cum
1061 3379 1199 3448 argento
1260 3369 1433 3432 Aedibus
1471 3368 1582 3452 rupit,
1622 3388 1761 3432 causam
1787 3376 1969 3450 praetexens,

454 3468 692 3552 aequiparatur.
716 3469 775 3532 Sin
790 3487 926 3551 cuprum
941 3468 1140 3530 ordinarium
1155 3467 1203 3530 di·
1259 3472 1348 3548 quod
1372 3473 1476 3533 missa
1499 3469 1569 3532 siba·
1594 3473 1700 3532 annui
1724 3471 1841 3532 tributi
1865 3475 1970 3528 moneta
2054 3483 2055 3506 t

453 3591 551 3633 versa
568 3571 724 3634 mixtione
746 3584 988 3652 temperatum,
1003 3569 1095 3650 cnjus
1113 3583 1203 3632 untu-
1259 3583 1374 3653 typum
1401 3592 1467 3633 non
1488 3570 1626 3633 haberet
1644 3571 1842 3647 Rornonum,
1862 3569 1913 3628 sed
1930 3585 1971 3625 no·

454 3691 512 3734 rae
528 3683 578 3734 est
593 3691 689 3734 omne
703 3691 759 3734 aes
773 3671 904 3750 ssarnm,
919 3673 998 3735 tanti
1013 3671 1111 3755 pretii
1125 3685 1203 3734 tam·
1240 3693 1336 3738 ,oum
1357 3673 1554 3736 Arabicum.
1583 3671 1695 3753 Neque
1714 3675 1800 3736 enim
1819 3669 1907 3732 licuit
1922 3685 1971 3726 rue

431 3792 519 3856 ,qne
548 3794 657 3834 rarum
684 3793 757 3834 esse
781 3775 977 3857 non-potnit
996 3773 1049 3838 vel
1070 3787 1202 3857 propte·
1260 3785 1358 3835 neree
1374 3793 1504 3842 ,aureae
1530 3775 1637 3836 altam
1662 3776 1846 3856 imprimere
1866 3779 1970 3834 notan,

455 3893 531 3951 rea,
557 3873 732 3960 quiaillud
752 3875 805 3940 rel
826 3875 1032 3938 tenuissimae
1057 3871 1201 3938 omnitim
1260 3894 1359 3953 quom
1380 3877 1590 3960 imperatoris
1610 3875 1763 3938 Romani.
1792 3873 1841 3932 Ex
1863 3869 1918 3930 hoc
1936 3879 1969 3926 te·

455 3975 629 4060 regionum
648 3973 747 4040 urbes
767 3991 918 4042 monetae
938 3998 1014 4041 snae
1031 3978 1201 4042 materiam
1260 3975 1422 4052 stimouio,
1439 3975 1527 4061 qnod
1544 3973 1688 4038 Bimardi
1701 3973 1881 4036 industriam
1895 3968 1968 4052 sugit,

455 4099 528 4142 esse
545 4079 731 4146 voluerunt.
1258 4079 1419 4156 eruimus,
1435 4099 1473 4142 ea
1490 4089 1612 4156 aetate,
1632 4097 1694 4162 qua
1710 4075 1810 4160 magis
1826 4073 1917 4136 adhue
1931 4091 1969 4133 ra-

1258 4180 1344 4244 lidae
1364 4195 1472 4260 erant,
1490 4181 1724 4262 imperatorum
1740 4176 1877 4241 Orientis
1892 4173 1969 4242 vires,

387 4325 392 4336 .
520 4265 602 4348 1³⁰8·
621 4264 776 4329 ΧΧΧῙῙ·
798 4267 862 4332 ⁶⁰²·
878 4283 909 4332 ⁹·
928 4267 989 4331 ²²⁵⁶·
1007 4283 1055 4332 ¹¹·
1072 4287 1137 4348 ⁸04·
1258 4295 1293 4344 et
1305 4281 1429 4346 ‚vicinis
1450 4283 1578 4368 populis
1602 4280 1809 4356 formidatae,
1834 4274 1966 4340 exstitisse

518 4383 604 4446 Dele
621 4383 675 4448 hic
694 4383 779 4448 dieta
798 4383 840 4449 de
856 4385 1003 4452 Faliscis.
1258 4382 1397 4468 aliquam
1414 4385 1535 4469 legem,
1554 4403 1636 4468 quae
1652 4383 1692 4444 iis
1707 4395 1850 4444 monetae
1862 4393 1965 4446 aureae,

1258 4485 1320 4547 nisi
1337 4487 1567 4569 imperatoriae
1584 4505 1678 4550 nsum
1696 4483 1966 4554 interdicerentur

401 4579 416 4606 ⁰
540 4569 843 4649 Pag.XXXV111.
862 4572 926 4638 ⁶⁰1·
944 4593 972 4637 ¹·
990 4571 1051 4636 ²5¹²·
1071 4574 1118 4636 ¹⁶·
1258 4589 1355 4651 etiam
1384 4588 1436 4672 jus
1466 4587 1701 4672 imprimendae
1732 4583 1858 4650 alterins
1888 4589 1964 4640 nolit

519 4685 613 4770 Lege
640 4687 681 4750 sd
708 4689 792 4754 hanc
814 4711 943 4754 causam
964 4689 1201 4775 praelationem
1256 4702 1484 4775 praeterquam
1504 4689 1660 4774 principis
1681 4687 1829 4762 Romani,
1855 4696 1964 4764 eamque

457 4787 575 4849 anei
599 4787 640 4850 de
668 4789 769 4866 l'lsle,
799 4811 836 4854 ao
857 4794 1032 4878 praecipue
1056 4793 1201 4857 testimo·
1256 4793 1321 4874 jam
1348 4790 1484 4854 infirmis
1509 4793 1729 4856 Romanorum
1756 4788 1852 4851 rebus
1882 4781 1964 4846 adhuc
