4226 5500
459 594 841 674 -DEIOSEPHO
877 595 1135 672 HlLARIO
1174 595 1418 678 EGRHEL.
1453 591 1458 600 ’
1674 621 1723 670 xv
1830 657 1833 664 .

271 773 327 843 lta
349 765 491 844 Eeltbel
510 784 638 842 noster
654 765 703 841 de
724 791 767 842 re
789 766 954 842 numeria
969 786 1066 844 nnus
1083 770 1246 847 omnium
1268 770 1407 872 optime
1425 769 1578 848 meritus
1595 793 1665 866 eat,
1681 792 1730 850 ut

176 903 242 1003 qui
260 899 509 978 exactissimus
527 887 695 1003 quasque
712 919 752 976 et
771 901 992 978 certissimas
1007 903 1180 981 notiones
1192 907 1232 979 in
1248 933 1361 982 unum
1380 931 1515 1010 corpus
1531 905 1723 990 docuisse

173 1037 370 1139 redigere,
396 1055 435 1114 et
449 1053 601 1113 'omnem
621 1035 812 1124 scientiam
833 1037 1123 1115 numismaticam
1143 1039 1319 1116 methodo
1337 1043 1618 1146 philosophicae
1636 1043 1723 1122 sub·

143 1219 149 1228 ·
174 1171 291 1274 jicere
312 1173 481 1250 instituit.
512 1171 576 1248 Ad
596 1169 698 1272 quod
720 1195 813 1273 opus
830 1171 1095 1273 perficiendum
1108 1193 1209 1251 certe
1224 1175 1382 1276 plurima
1401 1203 1528 1279 eaque·
1544 1181 1731 1262 rarissima,

175 1307 488 1410 requirebantur
478 1307 618 1406 mgenir
608 1307 835 1408 praesidia,
861 1309 1004 1383 scilic'et
1023 1311 1255 1409 cognitiones
1275 1313 1315 1384 in
1331 1321 1567 1414 quocumque
1586 1339 1724 1416 genere
1757 1347 1760 1356 ·

177 1443 398 1518 eruditionis
415 1443 526 1518 iere
516 1464 716 1517 immensae
728 1492 740 1533 ,
765 1444 927 1518 studium
949 1469 1143 1518 numerum
1171 1445 1338 1521 funditus
1369 1449 1601 1540 exhaustum,
1627 1449 1724 1549 judi·

158 1579 275 1654 cium
293 1601 443 1669 sanum,
468 1577 650 1678 praecisio
669 1577 834 1652 idearum
855 1547 1026 1671 maxima,
1052 1579 1194 1656 unimus
1212 1579 1382 1658 immunis
1401 1609 1423 1657 a
1444 1583 1736 1686 praeoccupatis-

177 1711 479 1816 opinionibus,
446 1739 501 1788 vta
523 1713 705 1787 ratiocinii
724 1713 960 1814 praepollens
978 1731 1017 1787 et
1034 1713 1226 1813 diligentia
1242 1717 1331 1807 veri,
1352 1715 1439 1819 styli
1460 1715 1624 1818 denique
1640 1743 1725 1818 per·

178 1847 354 1946 spicuitas
376 1841 525 1922 summa.
553 1849 715 1948 Quarum
738 1849 909 1923 virtutum
939 1845 1040 1923 nulla
1061 1847 1180 1923 defuit
1197 1849 1456 1952 Archaeologe
1485 1865 1625 1927 nostro.
1646 1851 1726 1924 Me·

178 1981 314 2084 tbodns
332 2003 398 2055 sua
419 1978 513 2056 adeo
530 1981 686 2081 probata
701 1979 773 2056 suit
792 1983 923 2057 doctee
934 1985 1117 2082 Europae,
1137 1999 1179 2057 ut
1199 2002 1237 2060 et
1254 1985 1397 2062 cunctis
1419 1988 1607 2086 operibus,
1629 2010 1726 2084 quae
1749 2087 1753 2096 1

179 2117 227 2190 de
251 2143 296 2190 re
321 2115 486 2189 numeria
507 2115 811 2216 publicarentur,
825 2135 873 2194 :et
887 2117 1040 2217 singulis
1060 2117 1198 2190 Museis
1216 2117 1430 2192 ordinandis
1445 2119 1551 2196 basin
1571 2119 1727 2221 praebe·

177 2267 255 2341 ret,
284 2274 393 2350 quem
414 2249 616 2324 hodiedum
635 2251 812 2353 praebet,
838 2276 1059 2352 semperque
1082 2251 1293 2351 praebitura
1319 2269 1387 2327 est.
1407 2255 1510 2355 Quin
1538 2255 1728 2354 systemati

179 2383 357 2459 botanico
374 2384 510 2457 Linnei
531 2384 571 2457 in
601 2409 648 2459 eo
674 2385 881 2486 praevalet,
901 2385 1010 2484 ”quod
1040 2385 1152 2458 nullis
1178 2385 1347 2460 innititur
1373 2355 1645 2464 characteribus
1671 2415 1729 2465 se·

180 2519 368 2592 cundariis
387 2519 557 2616 adeoque
575 2520 669 2591 nulli
689 2517 880 2594 mutationi
900 2543 1062 2616 unquam
1081 2513 1240 2594 obnoxie
1262 2537 1338 2610 eet,
1365 2523 1436 2596 nisi
1457 2523 1581 2621 quoad
1602 2522 1730 2621 singu·

181 2653 238 2728 los
260 2677 416 2744 numos,
439 2676 597 2752 quorum
619 2677 715 2728 unus
737 2653 873 2727 alterve
894 2652 991 2724 forte
1014 2652 1133 2726 minus
1154 2653 1223 2726 rite
1248 2644 1449 2752 explicatus
1472 2657 1594 2732 suerit.
1629 2659 1729 2754 Ergo

181 2787 377 2862 methodus
396 2788 622 2863 Ecltheliena
646 2787 770 2889 quoad
801 2785 966 2884 singulos
992 2811 1124 2860 numos
1146 2811 1291 2886 semper
1312 2787 1462 2885 quidem
1487 2789 1730 2887 per-sectionis

179 2925 327 3022 patiens
346 2921 439 3014 erit,
465 2925 533 2998 sed
552 2941 766 2998 constanter
786 2919 914 2995 cedem
932 2911 1100 2992 manebit
1119 2945 1200 2994 cum
1219 2919 1258 2991 in
1279 2903 1381 3010 basi,
1406 2937 1484 2994 tum
1510 2922 1551 2995 in
1574 2921 1705 2998 forma.

280 3059 362 3134 Jam
384 3056 492 3130 facile
517 3057 757 3156 intelligitur,
781 3035 1144 3154 quantos'scientiae
1165 3053 1358 3130 thesauros
1379 3055 1592 3158 complexus
1619 3055 1733 3129 fuerit

80 3173 85 3178 ’
183 3191 329 3265 animus
345 3191 434 3279 viri,
461 3193 525 3288 qni
550 3207 691 3264 tentum
709 3214 804 3289 opus
820 3189 999 3289 perlicere
1020 3187 1188 3264 valuerit.
1213 3189 1310 3262 Hinc
1333 3189 1441 3264 etiem
1463 3189 1602 3266 oraculi
1620 3190 1734 3264 instar

181 3326 277 3416 init,
303 3325 405 3425 quod
424 3313 661 3399 consulerent
679 3347 809 3397 omnes
820 3375 831 3413 ,
859 3324 1083 3423 quicumque
1105 3322 1262 3422 aliquam
1281 3321 1537 3399 difficultatem
1555 3325 1594 3398 iu
1607 3351 1649 3400 re
1667 3349 1734 3397 nu·

188 3459 302 3534 maria
320 3460 600 3559 proponendum
625 3457 885 3532 solvendemve
907 3457 1099 3531 baberent.

285 3581 390 3694 Quae
410 3593 604 3691 bucusque
626 3593 723 3666 dicta
744 3607 831 3665 sunt
841 3641 853 3680 ,
879 3590 1065 3666 subicient
1074 3645 1086 3683 ,
1113 3609 1155 3665 ut
1171 3589 1343 3676 lielthelii
1362 3583 1434 3694 que
1452 3591 1523 3668 virt
1512 3590 1642 3667 'docti
1660 3619 1736 3668 me·

186 3731 256 3803 rita
283 3728 322 3800 in
351 3727 543 3828 republica
575 3727 736 3802 literaria
763 3743 1048 3826 cognoscantur.
1100 3727 1298 3828 Superest,
1324 3745 1366 3802 ut
1397 3753 1515 3828 pauca
1548 3724 1736 3816 addamus,

185 3857 322 3962 quibus
344 3861 463 3962 pelam
485 3863 566 3952 liat,
595 3865 732 3980 quanta
754 3861 866 3934 luerit
897 3859 936 3932 in
959 3861 1108 3936 bomine
1130 3885 1270 3936 morum
1292 3863 1506 3940 amabilitas.
1538 3861 1737 3936 Pulchrum

186 4015 266 4089 est,
289 4021 397 4096 quem
428 4009 580 4098 propter
610 3981 752 4096 ingenii
779 3995 1068 4094 magnitudinem
1090 3995 1300 4088 admireris,
1327 3996 1486 4074 eundem
1507 3997 1658 4097 dignum
1678 4023 1737 4069 ex·

186 4134 344 4221 sistere,
371 4157 480 4230 quem
503 4154 602 4205 ames
626 4147 664 4204 ct
687 4131 809 4229 magni
827 4131 1009 4206 aestimes.
1194 4101 1198 4110 ⁸

285 4267 428 4342 Eclthel
448 4267 559 4340 animi
577 4266 769 4339 nobilitate
790 4290 868 4338 non
884 4265 1004 4339 minsis
1019 4287 1127 4378 qnam
1147 4262 1380 4364 simplicitate
1393 4279 1432 4340 et
1449 4259 1738 4338 sinceritatesua

189 4401 373 4478 excelluit.
400 4402 632 4476 Sententiam
649 4425 750 4474 susm
770 4425 847 4473 non
870 4401 941 4474 nisi
961 4401 1100 4474 diutina
1117 4399 1414 4506 consideratione
1430 4416 1643 4474 maturatam
1655 4423 1740 4497 pro·

187 4537 346 4628 tuliqet
360 4561 443 4612 cum
462 4535 712 4610 moderamine
728 4535 941 4608 enuntiavit.
966 4539 1131 4622 Errores,
1145 4535 1176 4608 si
1197 4559 1291 4633 quoe
1307 4533 1532 4646 incurrisset,
1551 4513 1741 4605 modestus

190 4669 342 4772 agnovit
357 4671 564 4770 docilisque
578 4671 794 4745 emendavit.
808 4671 850 4740 In
862 4661 973 4742 rebus
989 4669 1169 4768 ambiguis
1185 4667 1351 4742 dubitare
1367 4667 1496 4741 maluit
1515 4692 1625 4766 quam
1636 4691 1742 4768 para·

193 4807 287 4882 doxa
299 4807 487 4908 prosequi.
509 4805 612 4880 Nihil
624 4805 695 4878 nisi
709 4831 833 4880 verum
846 4802 1048 4906 requisivit.
1075 4807 1118 4876 ln
1137 4803 1296 4908 amicitia
1310 4803 1500 4904 jungenda
1524 4829 1598 4877 nou
1619 4827 1741 4903 prom·

192 4959 298 5042 ptus,
324 4957 381 5017 ast
398 4941 523 5016 firmus
548 4958 585 5016 et
608 4959 782 5016 constans
807 4941 893 5018 init.
915 4939 1058 5016 Patriae
1082 4938 1351 5012 amantissimus
1372 4955 1410 5012 ct
1433 4937 1716 5014 addictissimus.
