4264 5502
680 498 1192 580 PSEVDOMONETA.

790 777 1098 867 carerem
1142 791 1158 866 ’.

619 1001 667 1066 De
687 1003 771 1082 types
792 1003 1065 1066 crotoniatarum
1086 1006 1121 1064 is
1139 1021 1266 1084 persero.

234 1173 350 1266 Partes
370 1195 495 1263 anticio
519 1195 666 1282 lnltujns
684 1217 815 1283 quoque
838 1199 919 1262 clas·
973 1197 1154 1262 Alexandri
1183 1201 1230 1264 bl.
1263 1215 1338 1266 cont
1367 1181 1493 1285 Scylla,
1531 1229 1570 1271 au
1606 1211 1721 1276 eadem

172 1303 218 1367 tis
240 1304 347 1366 numis
369 1314 466 1386 caput
489 1301 642 1388 aliquod,
664 1300 718 1366 rel
743 1313 919 1384 protomen
974 1301 1086 1366 velere
1108 1301 1204 1365 etiam
1222 1305 1346 1387 poterit
1361 1301 1401 1367 ad
1416 1305 1647 1391 explicandum
1666 1333 1723 1376 ne-

170 1406 368 1490 plernmqne
406 1401 560 1468 offerunt.
603 1403 750 1466 Partium
791 1423 917 1468 aversa·
973 1423 1050 1466 xum
1079 1405 1220 1468 Neronis
1250 1407 1304 1471 vel
1335 1407 1467 1485 Traiani
1498 1429 1573 1472 cum
1604 1413 1722 1477 eodem

169 1528 246 1572 rum
266 1507 335 1589 typi
355 1505 514 1589 majorem
536 1517 721 1590 pertenues
744 1506 828 1568 lodis
850 1505 921 1568 Cir·
975 1506 1073 1568 maris
1111 1509 1285 1591 portentui
1331 1507 1438 1606 Quam
1477 1509 1581 1575 fuerit
1618 1512 1724 1579 bonus

170 1608 341 1686 censibus,
363 1607 501 1692 aliisquo
524 1607 718 1692 spectaculis
739 1621 813 1671 sunt
836 1609 921 1691 peti·
976 1605 1222 1692 Havercampus
1261 1610 1362 1692 gratis
1400 1609 1587 1692 anhelans,
1610 1619 1724 1689 multa·

171 1713 213 1788 ti,
245 1729 426 1795 quanquam
456 1727 522 1772 non
551 1707 658 1772 desint
686 1709 772 1793 capti
802 1727 845 1772 ex
867 1729 920 1791 cy·
977 1728 1042 1792 que
1064 1709 1193 1806 agendo
1214 1708 1296 1772 nihil
1319 1731 1435 1804 agens,
1464 1731 1538 1778 curn
1560 1713 1593 1777 in
1616 1720 1724 1802 singu·

170 1813 226 1877 clo
253 1811 397 1893 mythico
423 1808 633 1886 ct‘lseroico,
664 1822 699 1873 ct
727 1831 792 1873 non
822 1811 918 1896 pauci
974 1807 1015 1870 lis
1037 1811 1216 1874 conciliare
1247 1825 1419 1896 utramque
1450 1827 1576 1898 partem
1600 1817 1723 1884 nitere·

170 1927 370 2000 argumento
384 1911 447 1976 sint
462 1911 626 1988 abstruso,
645 1926 699 1976 ant
714 1912 814 1996 plane
826 1912 919 1996 ignc-
975 1923 1046 1986 tur,
1077 1923 1148 1974 toto
1178 1931 1302 2008 opere,
1334 1914 1421 1998 qnod
1445 1915 1487 1980 de
1510 1922 1722 1985 contoruintis

170 2031 224 2092 to,
255 2033 338 2104 quse
365 2013 493 2098 singula
521 2011 688 2078 docebunt
715 2014 805 2078 numi
832 2014 918 2077 inira
974 2013 1230 2096 conscripserat,
1275 2015 1441 2081 luculento
1484 2019 1721 2103 comprcbirit,

168 2118 342 2202 descripti.
973 2113 1066 2196 cujas
1098 2113 1231 2178 infausti
1260 2132 1395 2182 conatus
1426 2121 1614 2204 exemplum
1644 2137 1725 2190 stre.

234 2221 325 2285 istud
339 2217 462 2284 babent
474 2213 509 2278 lti
522 2213 613 2279 numi
626 2215 811 2300 singulare,
830 2215 919 2302 quod
976 2233 1093 2297 perum
1117 2215 1263 2282 dabimus
1284 2219 1370 2288 inira
1392 2221 1498 2306 capite
1511 2223 1566 2286 Ill.
1583 2227 1609 2303 §.
1626 2249 1646 2312 7
1662 2229 1723 2292 auh

169 2325 246 2390 lere
281 2341 459 2408 nunquam
479 2321 633 2404 appareat
670 2319 786 2404 aliquis
815 2319 918 2404 partis
975 2336 1075 2380 numo
1097 2319 1214 2401 primo.

62 2431 69 2442 ⁴
169 2427 299 2508 ccciccc
322 2443 396 2488 cum
422 2443 533 2487 aversa
558 2441 678 2497 nexus,
709 2424 824 2486 saltem
847 2438 919 2485 cer·
1039 2417 1166 2502 Capita,
1198 2443 1281 2506 qaae
1309 2437 1434 2508 partem
1466 2427 1603 2491 anticam
1628 2449 1728 2495 occu·

171 2543 226 2596 tus
239 2545 276 2593 sc
294 2527 503 2612 perspicaci,
526 2523 585 2587 sed
604 2523 700 2608 plane
717 2523 917 2602 arbitrarius,
975 2529 1070 2602 pant.
1110 2536 1185 2584 sant
1214 2525 1383 2590 hominum
1416 2526 1523 2592 variae
1558 2531 1737 2613 fortunae„

169 2645 270 2716 atque
298 2644 334 2692 ut
361 2627 465 2690 libido
493 2627 578 2694 tulit.
620 2627 726 2688 Nemo
757 2627 844 2688 enim
872 2625 919 2688 fa·

171 2735 238 2799 cile
258 2741 434 2816 componet
455 2742 551 2812 caput
573 2727 752 2818 Alexandri
774 2731 822 2792 H.
842 2747 918 2790 cum

168 2836 263 2902 circo
291 2834 458 2908 Romano,
492 2829 617 2914 Scylla,
654 2829 708 2894 vel
738 2843 841 2915 raptu¹
863 2833 919 2894 Sa·

170 2938 337 3010 binarum,
381 2945 435 2996 ant
472 2929 663 3011 Horatium,
706 2933 918 3014 Apollonium

171 3044 396 3122 dyeneusem,
441 3034 630 3098 Sallustium
673 3053 747 3096 curu
785 3037 919 3122 agitato·

170 3139 265 3207 ribus
298 3136 518 3213 circensibus,
554 3137 680 3221 planis,
700 3149 754 3222 'et
785 3138 917 3222 agyrtis,

170 3239 340 3308 Neronem
369 3257 442 3302 curn
464 3237 617 3301 Faustina
643 3237 782 3320 juniore.
824 3239 931 3303 Arai„

170 3347 272 3410 trium
293 3341 381 3406 istud
402 3361 444 3404 ao
467 3340 607 3402 maxime
629 3339 807 3418 elucescit,
830 3341 918 3426 quod

171 3441 414 3530 saepenumero
445 3439 578 3504 eosdem
607 3441 705 3524 plane
728 3455 821 3526 typos
844 3467 917 3506 curn

171 3547 274 3616 variis
294 3543 452 3629 capitibus
471 3543 662 3622 conjunctos
681 3543 840 3608 videmus.
864 3547 918 3608 Sic

171 3641 317 3714 tabulam
347 3647 483 3728 ¹Scyllae
518 3643 723 3724 conjunctam
761 3645 918 3708 habemus

172 3771 250 3817 cnm
293 3749 399 3833 capite
443 3747 621 3810 Alexandri
660 3749 723 3820 lll.,
767 3748 918 3824 Neronis,

173 3851 325 3934 Traiani,
347 3850 437 3912 urbis
454 3851 597 3922 Romae,
620 3847 764 3927 Cybelen
788 3849 820 3908 in
843 3871 919 3911 con·

171 3955 278 4020 cortic
316 3953 418 4033 Atyos
453 3949 504 4012 sni
540 3962 673 4053 rectam·
704 3969 776 4011 cnm
813 3952 918 4032 capite

170 4053 331 4128 Homeri,
358 4053 516 4127 Neronis,
545 4051 753 4133 Vespasiani,
777 4053 918 4135 Traiani.

170 4159 273 4222 Plura
295 4155 444 4237 exempla
466 4152 527 4215 alia
550 4151 684 4214 habebis
706 4152 827 4216 inlras
853 4157 919 4218 No·

170 4260 222 4338 vi,
249 4255 416 4323 nonnullis
443 4251 630 4337 antiquariis
661 4275 732 4316 rem
760 4276 825 4317 non
855 4279 918 4319 una·

170 4361 253 4427 xlmi
282 4359 414 4442 negotii·
440 4357 556 4434 visam,
586 4355 681 4438 laujus
711 4375 816 4420 nexus
845 4379 918 4420 cau·

976 2621 1120 2700 ordinis,
1151 2625 1307 2704 instituti,
1335 2651 1536 2694 summorum
1559 2653 1663 2716 seque
1686 2657 1723 2700 ac

976 2723 1174 2794 infimorum.
1219 2729 1368 2793 Numinis
1395 2745 1532 2796 'certam
1577 2731 1724 2818 eliigiem

976 2828 1123 2890 nondum
1145 2828 1177 2889 iu
1200 2829 1251 2892 lais
1273 2829 1455 2897 observavi.
1498 2837 1534 2896 ln
1556 2838 1723 2904 nonnullis

977 2940 1084 2990 tamen
1109 2943 1158 2991 cst
1180 2944 1276 3014 caput
1297 2935 1422 2998 llornae
1445 2935 1556 2998 addito
1583 2935 1734 3002 ROMA:

975 3030 1061 3100 Vide
1078 3031 1161 3092 inira
1187 3053 1257 3120 cap.
1275 3037 1329 3104 lll.
1348 3041 1373 3112 i.
1397 3037 1495 3100 asub
1513 3043 1642 3120 Scylla,
1665 3055 1722 3104 aut
1746 3119 1748 3128 Ι

976 3131 1086 3195 addito
1111 3134 1464 3202 tttvtc'rlt.·1t0tta.
1485 3139 1630 3205 FELIX.
1656 3143 1723 3206 stt-

975 3233 1133 3300 NATVS.
1172 3235 1261 3316 ‚Vide
1290 3257 1358 3323 cap.
1383 3241 1439 3306 111.
1468 3243 1493 3316 i.
1517 3245 1538 3314 4
1559 3243 1597 3304 ‘itt
1626 3261 1723 3308 vena·

976 3336 1128 3398 tionibus.
1173 3339 1298 3402 Eorum
1333 3341 1437 3422 major
1473 3364 1548 3425 pars
1582 3343 1723 3428 impera·

977 3451 1084 3500 torum
1107 3439 1202 3500 Rom.
1226 3439 1370 3523 effigiem
1394 3443 1529 3523 sistunt,
1564 3441 1722 3530 frequens

976 3539 1008 3599 in
1032 3541 1081 3602 bis
1105 3542 1201 3604 ctiam
1225 3541 1411 3607 Alexander
1428 3551 1492 3623 Μ.·,
1515 3559 1582 3609 tum
1608 3563 1641 3612 et
1661 3549 1724 3616 viri

976 3640 1121 3704 illustres
1139 3645 1323 3722 Homerus,
1343 3647 1536 3726 Terentius,
1554 3651 1721 3730 Horatius,
1857 3654 1860 3664 '

976 3745 1115 3828 aliique,
1148 3765 1229 3828 quos
1259 3765 1373 3811 omues
1402 3749 1488 3812 inira
1518 3751 1722 3816 enumerabi-

977 3865 1059 3906 mus.
1103 3847 1254 3931 Dcnique
1277 3869 1341 3910 non
1364 3851 1459 3934 pauci
1481 3849 1625 3914 offerunt
1646 3873 1722 3938 pro·

977 3961 1088 4010 tomen
1106 3947 1136 4008 d.
1156 3947 1323 4030 flagellum
1346 3963 1530 4030 tenentem,
1554 3975 1579 4017 s.
1603 3945 1723 4038 &quum

976 4047 1073 4112 freno
1097 4049 1288 4128 ducentem,
1317 4071 1382 4135 quo
1410 4065 1488 4134 typo
1516 4055 1626 4117 multis
1652 4077 1722 4122 cre·
1795 4115 1806 4130 ,

977 4148 1078 4212 ditum
1108 4152 1347 4234 repraesentari
1375 4155 1720 4240 sariorum‘irnpsrsn·

975 4253 1056 4314 tium
1089 4251 1253 4336 effigiem,
1285 4253 1344 4316 sed
1366 4253 1558 4318 docebimus
1579 4257 1664 4322 infra
1686 4260 1720 4322 in

976 4354 1329 4432 animadversionibus,
1367 4377 1468 4440 quac*
1488 4357 1720 4424 decursionum

170 4485 239 4529 sara
271 4461 433 4547 reperire.
477 4461 552 4520 Nou
583 4477 689 4540 nego,
728 4458 918 4541 ingenii'ct
974 4455 1081 4518 numia
1110 4457 1342 4540 subjiciuntur,
1376 4478 1449 4524 esse
1480 4460 1638 4546 imagines
1668 4487 1721 4529 au·

171 4563 367 4629 cruditionis
390 4579 454 4643 ope
474 4579 572 4645 posse
588 4559 623 4628 in
641 4559 777 4642 singulis
795 4561 918 4644 aliquid

171 4663 342 4750 probabile
372 4661 509 4728 adferri.
550 4663 674 4732 Verum
702 4660 730 4723 si
755 4663 917 4746 probabili

975 4581 1002 4622 rr
1028 4579 1129 4623 arum.

1006 4581 1168 4738 §Rectam
1196 4675 1241 4728 ut,
1254 4680 1393 4746 quorum
1415 4665 1644 4749 imperantium
1666 4671 1720 4736 lta·

170 4765 360 4849 conjectura
375 4763 530 4828 extudisti
544 4763 686 4850 denique
702 4783 822 4827 nexum
838 4786 868 4834 y.
885 4785 915 4850 g·
974 4763 1106 4829 beamus
1138 4765 1375 4846 conturniatos,
1411 4767 1554 4835 adbibita
1583 4773 1720 4838 nonnul·

184 4933 187 4938 .
269 4869 357 4950 (101.
383 4869 489 4948 1111.)
558 4961 561 4971 Ι

1449 4873 1524 4937 Nn
