4256 5504
1291 259 1303 324 l
1319 309 1322 318 ,

533 429 551 466 0

328 504 425 600 ,ao
793 499 800 508 ·
853 434 1246 564 sxxxsusxixvs
1284 464 1452 558 nunc.

195 738 198 748 .
276 653 278 656 ’
367 687 403 749 c.
508 679 599 746 mr.
628 677 663 742 c.
695 673 989 764 uxxrursxvs.
1014 673 1052 734 P.
1081 645 1145 739 ιζ’
1175 649 1224 730 u.
1326 627 1599 742 naxus-riva.
1623 673 1660 737 P.
1681 672 1719 735 x.
1746 671 1848 745 avc.
1872 647 1935 738 ca.
2006 629 2009 640 '

508 780 610 848 AVG.
636 784 738 860 Caput
751 781 942 840 laureatum.
1067 860 1069 866 Ι
1318 783 1381 852 pot
1395 776 1585 839 laureatum.
1625 804 1629 814 ·

368 885 588 953 CONSERV.
627 886 681 945 vel
720 876 1120 945 cousunvxxoflas.
1180 871 1328 936 FELIX.
1346 874 1711 940 INGRESSVS.SEN.
1731 875 1832 948 AVG·
1866 883 1932 946 Ito-

363 961 465 1058 VRii.
486 987 610 1055 SVAE.
633 986 870 1064 templumtam
888 985 1118 1073 colunpsorum,
1165 995 1233 1036 ‘ma
1248 979 1383 1055 paleato
1401 981 1510 1059 olgspco
1529 977 1672 1040 insidens
1685 999 1712 1041 s.
1728 981 1872 1057 hostum,
1885 971 1931 1046 d.

363 1095 399 1152 s'n
417 1113 479 1174 quo
505 1091 607 1152 Romo
630 1086 766 1165 paleato
794 1086 907 1145 sedens
930 1088 961 1145 d.
978 1087 1116 1166 plebum,
1178 1079 1340 1156 clypeum,
1370 1083 1425 1142 eui
1456 1083 1660 1158 inscripturus
1689 1078 1796 1147 VOT.
1821 1081 1927 1145 XXX.

362 1187 690 1254 s.taatam.AE.11.
1178 1180 1269 1258 infru
1282 1177 1351 1238 PR.
1394 1180 1454 1244 Eat
1471 1179 1543 1248 AV.
1566 1176 1665 1261 (Mus.
1683 1181 1791 1264 Caes.)
1910 1189 1913 1194 '

265 1283 268 1290 ’
427 1291 541 1356 Facile
553 1285 784 1369 expediemus,
807 1304 868 1346 cur
883 1305 1016 1348 numum
1028 1286 1116 1352 hunc
1243 1281 1396 1382 Numam!
1407 1281 1494 1343 hunc
1525 1283 1646 1344 muscis
1663 1279 1749 1343 ,aliia
1777 1282 1930 1366 ignotum

362 1398 397 1458 in
419 1387 794 1478 praesentem.classem
813 1386 1029 1472 recipiamus,
1053 1387 1116 1452 etsi
1157 1381 1298 1474 merito
1329 1381 1653 1481 summis·encomiis
1687 1382 1797 1447 adlicit
1827 1386 1931 1450 Ilhel·

363 1500 513 1561 Senioris
551 1489 697 1572 clogiam
729 1488 821 1552 absit.
875 1490 951 1550 Nou
982 1509 1115 1571 semper
1177 1484 1240 1546 lius
1269 1487 1310 1566 ¹).
1352 1485 1564 1570 ‘Comprobat
1607 1485 1713 1561 enim,
1761 1489 1930 1552 Maximia-

328 1577 337 1601 Ι
363 1596 453 1659 istud
471 1595 507 1656 in
525 1593 576 1654 his
602 1590 708 1652 numia
724 1591 826 1654 fuisse
847 1591 1047 1668 adhibitum,
1069 1611 1118 1654 se·
1178 1607 1255 1646 num
1279 1601 1405 1671 sumpta
1427 1589 1546 1651 iterum
1568 1609 1715 1673 purpura
1740 1589 1929 1674 ingressum

366 1693 743 1784 quenanumusinvicre
767 1692 916 1772 docebit,
948 1694 1118 1785 quircerte
1179 1693 1328 1752 Romam.
1379 1691 1488 1754 Minus
1514 1711 1596 1782 xero
1625 1711 1744 1776 aeque,
1773 1707 1809 1755 nt
1835 1695 1931 1759 vide·

365 1800 431 1863 huc
448 1799 604 1883 pertinet.
628 1797 711 1857 Esse
730 1815 812 1858 roro
829 1793 1019 1877 hujusloci,
1043 1817 1120 1878 pro·
1178 1804 1251 1867 tur,
1274 1792 1362 1856 idem
1379 1795 1431 1858 vir
1447 1793 1594 1858 eruditus
1614 1814 1655 1854 ex
1674 1793 1839 1879 inscriptis
1850 1799 1933 1892 lJO·
2019 1884 2023 1892 ι

362 1900 461 1965 hatur
491 1913 553 1976 ec,
585 1897 674 1990 quusi
702 1897 793 1978 numi
823 1897 870 1960 sic
892 1897 1041 1980 inscripti
1064 1898 1118 1962 ha·
1180 1893 1237 1956 Tis
1256 1899 1359 1958 XXX.
1378 1893 1536 1978 colligit,
1567 1895 1698 1958 deliniri
1727 1897 1778 1959 his
1806 1921 1930 1962 anuum

363 2003 503 2066 beantur
532 2013 653 2064 tantum
691 2019 764 2062 cum
794 1998 900 2080 capite
928 1987 1118 2080 Maximiani
1177 1997 1217 2065 V·
1242 2001 1278 2062 C.
1306 2002 1406 2082 1059,
1438 2019 1523 2081 quo,
1549 1985 1669 2083 'neque
1703 2014 1816 2079 antea',
1847 2003 1932 2067 inci·

362 2105 490 2182 nostri,
522 2103 696 2178 Maxentii,
741 2113 775 2162 et
804 2101 1027 2178 Constantini,
1059 2101 1116 2187 qui
1173 2115 1257 2180 pere
1287 2113 1440 2184 poterant
1473 2114 1549 2166 scta
1580 2101 1781 2168 tricennalia.
1824 2103 1932 2184 Maxi,-

363 2205 460 2268 iuere
479 2207 617 2287 Augusti
634 2203 829 2290 synchroni,
853 2203 962 2264 nullus
979 2223 1052 2268 cum
1068 2225 1119 2268 ca·

365 2308 434 2392 pite
458 2305 669 2372 Diocletiani.
713 2311 757 2370 Et
775 2307 893 2367 mirum
920 2325 997 2368 sane
1017 2306 1116 2382 soret,

367 2427 441 2470 cum
459 2408 547 2472 obvii
566 2411 631 2472 sint
655 2413 689 2472 in
706 2410 922 2484 Maximiano,
945 2409 1021 2469 siin
1042 2429 1119 2472 con-

273 2537 276 2544 =
366 2509 457 2592 legio
478 2511 677 2578 Diocletiani
699 2513 818 2597 signati
841 2523 969 2587 essent,
991 2511 1118 2573 nullum

366 2625 496 2676 exstare
525 2635 600 2678 cum
627 2617 723 2698 hujus
747 2614 873 2698 capite,
897 2614 1026 2697 quando
1044 2634 1121 2678 con·

368 2729 448 2790 stat,
472 2717 546 2780 fere
560 2739 749 2781 communes
765 2719 895 2800 utrique
911 2715 1013 2778 luisse
1029 2739 1121 2780 ascr-

367 2839 428 2878 sas.
475 2816 566 2910 Quos
587 2821 716 2883 similes
734 2818 920 2884 Bandurius
944 2839 1017 2883 cum
1042 2819 1122 2882 alic-

365 2941 438 2983 rum
476 2921 714 3004 imperatorum
765 2921 923 3005 capitibus
969 2921 1120 2998 contulit,

369 3022 522 3105 quoniam
567 3045 609 3086 cx
654 3045 718 3086 uno
761 3023 980 3092 Mediobarho
1035 3025 1121 3108 capti

368 3139 460 3201 sunt,
483 3125 703 3210 negligendos
726 3139 819 3210 puto.
870 3128 1030 3190 Nimirum
1056 3132 1121 3190 Rc·

366 3243 453 3290 mam
476 3227 621 3290 cruentis
640 3227 799 3290 Maxentii
822 3243 856 3292 ct
875 3226 992 3296 Severi
1008 3231 1121 3294 sactio-

263 3317 274 3332 ’
366 3327 463 3390 nibus
483 3311 650 3392 atrociter¹
662 3343 810 3391 vexatam
826 3331 933 3396 redux
957 3353 999 3394 ex
1016 3333 1120 3398 Luca·

366 3430 420 3492 nia
452 3442 486 3490 et
515 3444 650 3516 recepta
681 3452 827 3516 purpura
862 3435 1024 3499 recreavit
1052 3437 1121 3497 Ma-

368 3529 545 3606 ximianus,
572 3547 625 3609 et,
656 3545 692 3594 ut
716 3533 805 3613 ajunt
822 3536 929 3610 numi,
951 3559 1119 3600 conserva·

368 3638 432 3708 vit,
465 3633 553 3716 quod
585 3635 776 3716 praestitum
817 3638 890 3700 urbi
919 3637 1116 3701 beneficium

368 3733 509 3798 oratoris
534 3755 626 3798 more
649 3739 827 3820 plurimum
851 3741 981 3804 extollit
1002 3755 1118 3804 auctor

368 3837 515 3901 incertus
541 3838 731 3923 panegyrici
752 3843 950 3924 Maximiano
975 3857 1009 3906 et
1035 3847 1118 3907 Cou-

256 3997 261 4007 .
369 3941 510 4004 arantino
533 3939 630 4004 dicari
660 3943 765 4026 capite
782 3947 828 4006 ut.
855 3960 889 4008 at
911 3951 985 4023 XL,
1008 3947 1042 4008 in
1065 3932 1127 4008 cuss

366 4045 420 4126 jus
446 4041 583 4108 honoris
608 4048 871 4112 communionem
895 4048 1027 4124 admissi
1049 4047 1119 4112 lue·

367 4167 406 4208 re
440 4141 537 4210 etiam
575 4149 778 4227 Maxentius,
824 4166 859 4214 ec
889 4151 1118 4242 Constautinus

368 4260 437 4309 tum
468 4248 501 4309 in
533 4247 677 4341 speeiem
709 4253 909 4336 concordes,
941 4269 975 4317 ut
999 4253 1119 4317 docent

368 4369 468 4408 numi.

819 4507 838 4542 ἃ

1178 2203 1303 2266 mianus
1323 2218 1494 2287 antequam
1520 2204 1706 2283 abdicaret,
1728 2225 1847 2267 annum
1867 2204 1932 2267 im·
2012 2243 2022 2256 ι

1177 2305 1262 2386 perii
1284 2307 1356 2404 XX.
1389 2307 1453 2390 jam
1485 2309 1592 2391 attigit
1622 2307 1863 2396 comprelscnso
1885 2307 1933 2368 si·

1177 2407 1246 2470 mul
1269 2421 1418 2495 tempore
1447 2409 1525 2487 illo,
1557 2431 1622 2494 quo
1652 2411 1772 2474 Caesar
1802 2422 1929 2472 tantum

1176 2509 1256 2588 suit3
1288 2533 1361 2574 nam
1395 2512 1519 2584 diserte
1553 2527 1668 2576 auctor
1697 2511 1845 2575 laudatus
1871 2537 1931 2600 pa·
2049 2515 2053 2530 ’

1176 2613 1325 2696 aegyrici
1354 2634 1429 2710 cunr
1459 2629 1670 2698 praesentem
1701 2619 1748 2680 sic
1778 2615 1930 2698 adloqui·

1177 2731 1231 2778 tur
1247 2715 1299 2799 Ι))ε
1323 2729 1354 2779 to
1372 2739 1482 2806 rursus
1494 2721 1645 2798 vicesimo
1661 2741 1746 2782 anno
1759 2723 1932 2798 imperoto-

1177 2839 1261 2894 rem,
1282 2831 1397 2882 octavo·
1414 2823 1574 2882 consulem
1589 2832 1646 2892 cta.
1671 2834 1705 2882 et
1721 2817 1806 2882 infra
1823 2820 1852 2900 c)
1863 2812 1930 2882 s'et

1177 2933 1210 2983 te
1233 2923 1302 2983 illis
1326 2924 1471 3001 oipiliis,
1503 2926 1633 3007 illisque
1649 2927 1754 3000 curis,
1777 2946 1859 3010 quas
1879 2927 1930 2984 oi-

1174 3027 1261 3105 piasti
1286 3025 1382 3099 annis
1406 3033 1563 3104 aspertus
1578 3027 1711 3104 fueras,
1742 3030 1926 3090 reddidisti.

1176 3131 1219 3190 At
1235 3134 1362 3186 constat
1377 3137 1476 3186 extol
1490 3124 1697 3208 aliisunumis,
1720 3129 1853 3189 ineunte
1870 3147 1932 3188 an·
1972 3187 1980 3196 ,

1176 3249 1221 3290 no
1241 3227 1282 3288 X.
1299 3225 1364 3308 jam
1385 3225 1486 3288 fuisse
1508 3216 1666 3312 edoccpta
1689 3241 1764 3293 vota
1777 3228 1867 3302 XX.,
1890 3240 1931 3288 et

1178 3331 1312 3392 ineunte
1328 3327 1399 3393 XX.
1427 3344 1585 3411 concepta
1603 3325 1679 3395 iota
1692 3331 1795 3408 XXX.
1830 3331 1928 3411 Ergo

1178 3453 1252 3494 cum
1283 3429 1470 3492 Maximiani
1498 3443 1572 3492 vota
1603 3431 1706 3493 XXX.
1735 3417 1804 3515 jam⁴
1823 3431 1931 3496 inive-

1175 3535 1257 3609 rint,
1281 3543 1453 3618 antequam
1470 3533 1645 3617 imperium
1664 3535 1846 3618 posuisset,
1869 3553 1929 3596 ne·

1176 3657 1333 3720 quaquam
1366 3633 1442 3696 inde
1475 3637 1549 3697 erui
1572 3650 1680 3719 potest
1702 3653 1828 3714 annus,
1858 3656 1926 3720 quo
1999 3679 2012 3704 a

1170 3759 1353 3823 'purpuram
1370 3738 1528 3835 repetiit„

1543 3842 1562 3878 ᾖ

1576 3905 1590 3934 χ
1627 3890 1646 3926 ff

1447 3889 1480 3924 4

1211 3943 1217 3950 ’
1322 3947 1363 4006 Vs
1385 3949 1432 4006 or.
1450 3953 1491 4006 Α.

1174 4047 1350 4116 VlR'l'VS.
1375 4047 1579 4116 MlLlTVM.
1620 4050 1733 4110 Castro
1746 4047 1923 4126 praetoria.

1175 4153 1244 4234 Ali.
1267 4151 1366 4230 (Mus.
1386 4148 1495 4230 Caes.)

1376 4253 1479 4314 Diuus
1494 4253 1726 4313 Maximianus.

1178 4375 1192 4408 a
1238 4349 1923 4434 AMaxentioliliofuissesuperumchoro

1120 4496 1124 4502 ·
1174 4459 1329 4535 inlutum,
1352 4453 1441 4518 numi
1455 4453 1518 4536 ipsi
1534 4455 1610 4516 satis
1627 4453 1758 4519 docent.
1775 4457 1782 4466 '
1810 4463 1811 4466 ’

314 4753 320 4760 ’
404 4771 435 4842 ι)
457 4727 917 4852 subp10n1.advu¹1.p.220.
993 4733 1028 4847 n
1049 4779 1123 4856 cap.
1144 4755 1254 4836 un(
1298 4775 1327 4850 a)
1348 4775 1420 4850 cap.
1441 4772 1492 4831 xi.
1596 4767 1605 4784 ¹
