4236 5480
423 509 524 591 aaa·
1056 491 1258 574 aaran
1284 491 1335 568 u.
1452 417 1461 446 ⁸

420 665 568 758 humana
599 681 688 748 nudo
715 681 828 768 ,capite
862 678 957 746 fuere
991 683 1166 770 propositi,
1225 675 1453 761 feririjussit,
1483 675 1573 764 quod
1599 675 1720 744 deiude
1745 678 1974 750 institutama

377 813 380 820 ·
420 793 581 880 permissa
610 803 717 854 tamen
750 787 855 850 serius
880 805 1002 850 corona
1032 779 1166 861 radiata,
1223 782 1383 864 proximis
1416 782 1661 845 successoribus
1695 782 1758 846 luit
1794 799 1970 852 retentum.

419 915 583 980 nunquam
601 891 722 954 laurea.
747 887 815 950 Sed
831 901 864 950 et
882 888 993 950 laurea
1010 887 1167 952 aliorsum
1224 880 1339 946 Serius
1362 881 1431 968 eJus
1455 905 1531 946 usus
1554 885 1665 974 varius·
1684 881 1764 960 tuit,
1787 907 1825 951 ac
1842 903 1971 973 pertua·

420 976 539 1060 summi
555 993 676 1078 lastigii
693 993 820 1075 insigne
836 985 1064 1072 luit.ltslaitum.
1086 989 1167 1050 Nar·
1223 973 1336 1060 bstua‚'
1356 999 1454 1066 quem
1478 987 1623 1066 curatius
1647 985 1823 1052 enucleare
1849 1011 1971 1077 operae

416 1113 510 1162 rante
527 1095 717 1158 Herodiano
734 1089 916 1174 ⁸)'intranti
934 1090 1164 1175 Carthaginem
1221 1087 1363 1169 pretium
1386 1109 1450 1149 non
1472 1101 1572 1171 putot
1592 1099 1627 1150 et
1647 1107 1723 1154 ottttt
1744 1110 1883 1160 necatae
1909 1110 1970 1172 est,

417 1199 596 1274 Gordiano,
614 1215 710 1280 quem
726 1191 956 1278 proconsulem
973 1177 1066 1256 tuum
1078 1192 1164 1256 Airi-
1220 1199 1315 1274 potes
1326 1187 1367 1250 ab
1381 1189 1460 1272 ipsis
1472 1189 1705 1272 imporatorum
1719 1197 1826 1258 numia
1839 1209 1969 1279 petere.

415 1302 488 1366 cani
518 1299 595 1362 odio
625 1295 794 1359 Maximini
823 1295 1003 1377 Augustum
1035 1295 1162 1370 dixere,
1221 1292 1303 1356 cum
1333 1289 1393 1367 iis,
1431 1291 1486 1376 qai
1518 1293 1673 1357 Caesarea
1704 1307 1826 1360 tautum
1857 1299 1966 1378 fuere,

415 1391 842 1482 ἅιτεραβδοιὲδαφιηφορυ,
863 1392 1163 1479 ὀκεςὲςισυμβολον
1220 1391 1276 1454 dia
1298 1400 1414 1474 negata
1439 1407 1527 1456 esset
1550 1395 1678 1472 laurea,
1713 1411 1822 1463 tamen
1844 1401 1923 1465 inde
1950 1423 1969 1466 a

354 1493 363 1506 '
415 1503 462 1578 εἰς
488 1526 523 1564 το
553 1493 718 1586 decepturus
747 1521 805 1577 τας
834 1501 996 1572 pentima
1023 1495 1082 1560 alna
1102 1519 1161 1560 ros
1218 1493 1480 1558 Diadumeniano
1504 1517 1626 1560 curcua
1645 1497 1767 1562 radiata
1789 1505 1904 1586 coepit
1922 1505 1968 1564 in·

414 1587 585 1682 idaciano»,
603 1605 715 1684 fascea
734 1603 1162 1686 laureatipraepestotisu·
1217 1595 1359 1681 dulgeri.
1402 1599 1525 1662 Contra
1544 1599 1732 1663 Domitiano
1754 1602 1863 1668 adhuc
1888 1607 1967 1670 Cae·

412 1729 483 1784 ere,
504 1705 851 1794 quodinsipnesoscea
865 1703 972 1780 regios
987 1707 1162 1786 captivatio
1217 1702 1282 1762 sari
1304 1701 1395 1764 numi
1419 1700 1603 1783 largiantur
1626 1719 1780 1766 coronam
1809 1705 1964 1786 lauream,

412 1809 577 1873 discernit.
620 1802 700 1866 luda
727 1824 745 1864 a
768 1801 977 1864 Diocletiano
1001 1801 1159 1884 conlegae
1217 1801 1372 1864 radiatam
1391 1823 1574 1885 nunquam,
1596 1805 1769 1868 ettiTitut
1785 1806 1908 1885 frater,
1932 1826 1964 1874 et

411 1911 570 1976 Caesares
591 1925 705 1968 omues
724 1919 836 1968 contra
851 1885 978 1966 morem
992 1897 1039 1965 ‘ex
1058 1902 1159 1988 longo
1216 1903 1323 1966 adhuc
1343 1905 1481 1981 Caesar,
1504 1919 1674 1988 utramque
1696 1911 1885 1990 promiscue
1909 1931 1964 1993 ge·

409 2023 602 2096 receptum,
632 2007 776 2070 lauream
800 2005 994 2080 induerunt,
1015 2005 1053 2065 u't
1074 2005 1159 2067 Con·
1216 2019 1290 2069 atet.
1340 2006 1505 2068 Coronam
1536 2006 1689 2072 radiatam
1721 2011 1824 2074 fuisse
1856 2015 1962 2078 serius

411 2113 547 2176 stantiae
565 2109 725 2186 Chlorus,
748 2107 819 2172 Gal.
837 2106 1067 2180 Maximianus,
1090 2111 1159 2170 112⁴
1215 2105 1327 2168 laurea
1364 2107 1546 2184 viliorem,·
1570 2124 1798 2193 argumentum
1834 2128 1961 2179 certum

407 2213 567 2304 siminus,
597 2212 649 2272 Fl.
673 2213 835 2284 Seuerus,
863 2209 1092 2271 Constantinus
1110 2211 1157 2272 Μ.
1215 2223 1266 2271 est
1283 2229 1399 2270 numus
1417 2224 1608 2292 argenteas,
1632 2213 1687 2297 qui
1706 2213 1842 2296 exhibet
1859 2217 1961 2298 capita

410 2319 449 2378 Iu
472 2335 566 2379 causa
585 2311 704 2386 luerit,
729 2309 816 2395 quud
834 2331 907 2372 suas
927 2311 1064 2394 quiaque
1082 2331 1157 2393 pro·
1213 2309 1343 2372 Balbini
1366 2325 1399 2372 et
1425 2313 1564 2393 Pupieni
1591 2313 1715 2396 Augg.,
1747 2331 1780 2378 et
1803 2315 1961 2382 Gordiani

407 2417 530 2480 vincias
553 2415 651 2502 plena
677 2411 749 2478 lene
776 2432 850 2474 cum
871 2425 1034 2502 potestate
1057 2414 1157 2478 rexit.
1214 2415 1379 2490 Caesaris,
1418 2413 1572 2477 laureatis
1601 2415 1686 2490 iltis,
1726 2415 1792 2480 hoc
1823 2419 1959 2484 radiato.

407 2519 537 2580 Horum
569 2515 689 2582 deiude
723 2515 911 2612 exemplum
947 2516 1051 2582 secuti
1080 2527 1169 2579 sunt.
1212 2515 1327 2578 Fuisse
1352 2535 1507 2579 coronam
1529 2516 1683 2580 radiatam
1708 2519 1806 2582 etiam
1830 2523 1959 2605 signum

337 2693 341 2698 Ι
410 2621 570 2683 Caesares
602 2617 754 2700 Crispus,
794 2616 977 2680 Dalmatius
1007 2631 1042 2684 et
1071 2619 1156 2681 Cau·
1211 2620 1487 2696 consecrationis,
1526 2618 1653 2682 dicetur
1682 2621 1717 2682 iu
1746 2631 1889 2686 tractatu
1919 2625 1959 2689 de

409 2722 541 2782 stantini
559 2723 605 2782 Μ.
629 2720 699 2782 lilii.
743 2721 784 2780 At
799 2717 1066 2784 Hanniballiauus
1083 2740 1154 2798 rex,
1212 2720 1318 2784 numia
1341 2721 1636 2785 consecrationum.

406 2821 608 2900 Daremma,
631 2819 989 2898 ConstantiusGallus.
1013 2821 1154 2884 lulianus
1260 2819 1450 2898 ,Diadema‚
1482 2823 1595 2907 capitis
1624 2833 1852 2888 oruamentum
1882 2827 1960 2889 auti·
2052 2903 2056 2910 ἱ

407 2928 583 2998 Caesares,
607 2923 681 3008 quia
706 2921 947 3006 despectiores,
969 2923 1058 2986 nudo
1080 2937 1155 2990 sunt
1211 2943 1294 3008 quae
1324 2927 1507 3008 prosapiae.
1549 2926 1646 2989 Mitto
1683 2925 1851 3007 fabulosa,
1888 2931 1957 3012 ejus

408 3029 525 3114 capite.
567 3026 648 3088 Post
663 3025 864 3091 Constantini
878 3024 923 3090 Μ.
940 3025 1025 3088 lilios
1042 3028 1153 3088 laurea
1209 3027 1415 3089 inventorem
1451 3025 1552 3090 fuisse
1591 3027 1756 3091 Bacchum
1778 3026 1824 3111 b).
1869 3031 1960 3094 Istud

405 3131 534 3216 negligi
555 3143 690 3213 ¹coepta,
712 3130 886 3214 potiorque
907 3127 969 3195 fuit
992 3127 1153 3194 diadema·
1210 3141 1354 3206 certum,
1386 3149 1427 3192 eo
1457 3130 1547 3194 catut
1566 3130 1718 3218 principe
1741 3132 1837 3212 siguo
1859 3153 1957 3215 reges

406 3233 566 3309 tianeus,
592 3231 633 3296 de
657 3252 722 3316 qao
744 3253 848 3294 mox..
1209 3229 1311 3292 fuisse
1334 3231 1511 3306 discretus,
1540 3254 1557 3292 a
1581 3253 1645 3314 quo
1668 3245 1837 3314 tempore,
1868 3235 1957 3296 varie

471 3335 640 3402 Coronam'
653 3333 813 3396 radiatam
834 3334 957 3396 invexit
977 3333 1084 3406 Nero,
1108 3332 1151 3394 de
1210 3329 1407 3413 disputatur,
1432 3353 1493 3416 qua
1514 3331 1801 3420 decontroversia
1818 3335 1959 3396 nonnul·

404 3439 497 3522 eujus
517 3437 753 3520 significatione
778 3435 912 3498 uberius
930 3434 984 3516 egi
1003 3436 1036 3495 iu
1056 3433 1151 3516 hujus
1208 3433 1241 3494 la
1265 3433 1355 3514 attigi
1375 3433 1408 3492 in
1426 3433 1531 3496 numia
1549 3433 1686 3499 Gelonis
1698 3435 1728 3498 ἶ.
1747 3447 1783 3498 et
1800 3435 1958 3497 Hieronis

402 3523 545 3623 Augusti
562 3534 708 3614 moneta,
732 3551 765 3598 et
783 3535 930 3600 conferri
948 3549 1081 3619 possunt
1101 3555 1150 3611 ea,
1207 3535 1233 3595 l.
1251 3531 1382 3596 Siciliae
1407 3555 1542 3620 regum,
1574 3551 1608 3600 et
1631 3535 1787 3600 Archelai
1806 3537 1829 3598 l.
1850 3541 1957 3602 Mace·

401 3661 489 3726 quae
509 3642 550 3704 de
568 3637 698 3715 nimbo,
720 3637 922 3724 aliomapitis
947 3635 1150 3720 imperatorii
1208 3636 1324 3698 daniae
1356 3639 1455 3720 regis.
1501 3637 1612 3730 Quare
1651 3659 1717 3702 non
1755 3637 1895 3717 mirum,
1923 3641 1956 3702 in

405 3754 597 3808 ornamento
613 3741 646 3800 in
665 3741 818 3804 Tractatu
834 3739 874 3801 de
892 3737 999 3802 numia
1014 3735 1150 3798 inferio·
1206 3739 1330 3824 populo
1346 3733 1472 3814 libero,
1496 3740 1600 3825 qualis
1617 3740 1678 3802 luit
1692 3741 1859 3803 Romanus
1877 3739 1955 3804 inda

401 3847 449 3908 ris
471 3843 544 3908 aevi
564 3841 765 3908 docebimus.
809 3843 890 3904 Eam
916 3838 1035 3902 deinde
1058 3857 1150 3900 rece·
1206 3862 1224 3902 a
1253 3841 1354 3924 pulsis
1384 3843 1536 3922 regibus,
1568 3841 1734 3906 communi
1759 3839 1844 3902 illud
1876 3843 1954 3906 odio

401 3950 451 4032 pit
471 3945 700 4032 Vespasianus.
743 3945 869 4013 Veram
898 3943 999 4026 lungo
1024 3955 1149 4023 tempo·
1203 3941 1380 4024 flagrasse,
1411 3963 1476 4029 quo
1499 3943 1541 4006 de
1564 3957 1756 4026 argumento
1779 3944 1875 4028 plura
1899 3965 1955 4008 uo-

402 4071 441 4114 re
472 4071 538 4114 uon
569 4048 739 4132 occupavit
768 4049 830 4110 nisi
861 4065 1000 4121 aeneos,
1024 4029 1165 4132 eosque'
1206 4044 1270 4106 tari
1292 4046 1324 4105 in
1347 4045 1453 4107 numia
1476 4047 1616 4129 Augusti
1645 4046 1685 4110 ad
1710 4067 1829 4108 aunum
1853 4048 1893 4114 V.
1918 4047 1954 4108 C.

401 4168 525 4228 tantum
547 4155 587 4214 tt.
620 4139 758 4216 fornae.
803 4151 871 4214 suu
898 4148 1062 4214 cavanna
1093 4147 1149 4209 aa·
1204 4131 1283 4228 72⁶5
1325 4149 1449 4210 ramea
1471 4147 1554 4210 tuan
1576 4148 1832 4233 inponeretur
1856 4149 1955 4232 gesn-

401 4277 491 4322 ntum
512 4268 686 4338 argenteos
706 4253 836 4329 iurauit,
860 4253 918 4315 sed
937 4249 993 4312 c'ot
1012 4260 1147 4324 tautum,
1205 4268 1285 4311 vere
1299 4247 1548 4332 stolidiquidam
1560 4253 1788 4336 imperatores,
1804 4251 1867 4312 etsi
1881 4269 1954 4332 per·

399 4375 485 4442 ,quos
515 4377 601 4420 novo
632 4357 786 4442 exemplo
822 4354 946 4440 majore
979 4351 1146 4415 solamine
1204 4349 1305 4414 ficare
1327 4371 1394 4414 nou
1416 4351 1585 4416 auderent.
1619 4351 1952 4440 TesteESaetenioe)

436 4669 695 4750 sl·L.Vch.6.
796 4663 1641 4752 b)1³ltn.1,.v11.lt.tt.niod01·.stc.tttbt.t.tv.
1749 4663 1969 4756 c)iuCalig.¹

395 4787 426 4850 p,
447 4773 491 4822 22.
1099 4759 1106 4776 '
1338 4781 1343 4788 ·
