4236 5480
407 499 480 578 29⁰
928 473 1438 557 PSEVDOMONETA.

407 677 535 758 juvaret
570 641 749 750 inscriptio.
792 661 945 748 Denique
982 663 1016 724 in
1052 683 1151 760 numo
1209 687 1284 729 men
1308 663 1556 731 uictoriarum
1580 675 1614 726 et
1637 661 1960 746 excelleutiaiet'nu·

408 777 521 860 quinto
546 781 642 853 caput
667 765 878 836 habea,idem
901 787 1054 849 proma,
1077 788 1152 851 qua·
1210 789 1303 834 mero
1321 769 1574 850 fuitinclytum,
1599 767 1685 850 quod
1703 777 1876 850 utrumque
1897 766 1954 830 de·

407 877 441 940 le
462 877 497 938 iu
519 889 617 935 numo
648 867 737 932 aedia
769 879 902 956 octavae
935 870 1152 951 conspicitur3
1210 891 1267 934 cua
1286 870 1489 934 adfectabaut
1507 868 1604 930 etiam
1621 867 1760 930 athletae
1779 867 1954 932 Circeuaea

1210 974 1328 1038 horum
1351 992 1523 1034 numerum
1545 971 1640 1032 fabri.

406 979 495 1062 atqui
521 973 604 1036 illud
627 991 725 1034 nemo
749 969 907 1033 dubitabit
933 984 1071 1053 propter
1100 967 1155 1031 ad.

407 1080 510 1144 ditum
532 1073 715 1142 MAGNVS
738 1091 811 1134 eaaa
830 1069 1008 1166 Alexandri
1025 1073 1088 1150 M.;
1112 1089 1153 1132 ex

407 1203 473 1268 quo
504 1179 668 1262 requitur,
699 1175 768 1256 ejua
791 1173 888 1236 etiam
912 1191 984 1234 ease
1006 1171 1152 1252 reliquoa

406 1283 483 1346 huic
504 1281 602 1368 plane
624 1277 767 1352 similer,
797 1274 860 1338 etei
881 1273 916 1333 iu
938 1273 989 1334 hia
1012 1293 1046 1332 ro
1074 1273 1154 1332 Ma-

405 1383 522 1451 ‹3st
538 1379 759 1444 desideretur.
802 1379 845 1438 Aa
862 1375 969 1450 euim,
992 1375 1152 1458 inquiunt,

404 1484 494 1547 idem
518 1483 580 1544 tuit
604 1498 723 1544 nomeu
748 1489 782 1540 et
801 1476 946 1559 Philippi
965 1478 1008 1541 11.
1030 1487 1064 1536 et
1086 1475 1153 1536 Ma-

406 1605 520 1651 maeae
547 1581 634 1659 filio,
662 1597 803 1662 cumque
833 1591 961 1642 constet
989 1595 1030 1638 ex
1057 1577 1150 1637 Lam-

403 1685 533 1774 pridio,
555 1683 700 1746 delatum
717 1680 793 1745 huic
808 1679 939 1741 iuiaaea
953 1692 1068 1740 uenatu
1082 1683 1152 1740 Mu·

401 1795 463 1876 pati
482 1807 621 1860 nomeu,
651 1783 714 1846 etti
731 1801 795 1844 nou
810 1795 1030 1868 acceptatum,
1060 1793 1152 1862 pote·

403 1903 479 1954 rant
502 1907 577 1952 eum
601 1883 796 1974 poaterioria
820 1883 892 1945 aeri
913 1879 1056 1944 artificea
1075 1880 1152 1942 Ale·

404 1989 713 2056 :retrituratur
731 1985 903 2068 effingere.
937 1987 979 2046 At
994 2001 1150 2066 cuperem

405 2115 447 2159 ex
467 2107 538 2157 toto
558 2093 622 2154 hoc
644 2089 924 2154 contoruiatorum
948 2086 1077 2168 agmina
1095 2083 1152 2148 rel

403 2197 536 2260 unicum
558 2191 683 2256 adferri
706 2191 911 2274 exemplum,
942 2186 1031 2272 quod
1054 2185 1151 2247 doce·

404 2311 452 2375 at,
483 2295 589 2360 aolum
616 2293 773 2374 principia
798 2290 938 2353 Romani
962 2309 1082 2352 nomen
1109 2288 1150 2348 iia

402 2398 504 2462 suiaae
534 2393 670 2458 inacribi
700 2393 831 2454 aolitum
861 2391 1027 2453 aubtracto
1061 2391 1150 2450 omni

403 2499 635 2584 imperatoriae
655 2493 831 2575 majeatatia
849 2491 963 2567 titulo,
983 2492 1033 2564 tic
1052 2505 1087 2552 ut
1103 2491 1152 2551 la·

405 2613 543 2687 geretur
555 2611 679 2662 tantum
691 2594 832 2668 NERO,
851 2595 903 2655 rel
915 2592 1149 2665 TRAIANVS,

403 2717 440 2768 ut
454 2704 490 2764 iu
505 2702 557 2764 itia
571 2714 695 2764 tautum
718 2694 1001 2760 ALEXANDER.
1046 2695 1150 2753 Acce·

404 2806 470 2883 dit,
490 2803 593 2868 iuiaae
623 2820 740 2864 revera
768 2797 944 2860 nonnullos
975 2796 1149 2876 imperato·

403 2927 477 2983 rea,
500 2907 555 2990 qui
568 2924 637 2966 uon
654 2901 799 2965 conteuti
812 2901 955 2971 honore,
978 2913 1073 2978 quem
1090 2896 1149 2954 im·

401 3010 490 3094 perii
515 3006 665 3090 majestat
693 3005 805 3079 dabat,
828 3000 952 3064 alieuoa
979 3001 1148 3076 iuraaer03

403 3109 452 3174 aio
474 3108 673 3172 Commodua
695 3109 864 3176 Herculea,
887 3100 1052 3164 Caracalla
1074 3103 1149 3162 Ale·

404 3215 531 3275 aaran
552 3215 597 3272 M.
626 3207 691 3271 dici
719 3205 887 3291 propalam
917 3201 1062 3265 voluere.
1105 3201 1149 3260 At

402 3333 567 3395 uunquam
599 3311 632 3372 in
665 3309 770 3370 numia
801 3302 998 3368 Commodus
1029 3302 1148 3362 dicitur

403 3417 557 3477 Herculea
579 3423 722 3486 tanturn,
754 3406 812 3470 aed
835 3406 888 3469 vel
910 3409 1062 3468 Herculeo
1082 3406 1148 3464 Ara·

401 3525 533 3596 anama,
564 3513 619 3574 rel
650 3511 827 3584 Romanus,
858 3527 1021 3590 uunquam
1051 3506 1149 3568 Cara·

404 3615 486 3678 calla
517 3626 641 3675 tautum
673 3615 879 3683 Alexander,
912 3608 966 3671 vel
999 3609 1146 3685 Maponi,

405 3713 465 3778 e'ed
514 3712 635 3782 DlVO.
686 3707 928 3771 ANTONlNO.
977 3704 1146 3767 MAGNO.

406 3813 568 3906 Quocirca
600 3813 627 3876 ai
656 3825 752 3896 caput
781 3811 813 3870 in
843 3810 892 3869 hia
923 3809 1028 3867 numia
1059 3817 1147 3867 earet

403 3915 584 3982 Alexandri
607 3913 738 3986 Severi,
769 3929 970 3992 nequaquam
993 3927 1068 3969 sane
1091 3907 1148 3968 ali·

404 4041 466 4104 qua
490 4018 559 4099 eiua
587 4016 699 4077 saltem
728 4011 953 4084 uninomina,
983 4023 1036 4070 aut
1061 4009 1147 4070 tituli

403 4121 542 4184 fuissent
570 4118 695 4190 omissi,
725 4130 758 4178 et
782 4113 868 4199 quod
895 4113 1058 4194 requitur,
1089 4133 1146 4174 eoa

404 4243 518 4284 omnea
538 4222 610 4303 regi
629 4217 800 4282 Macedoni
821 4230 889 4278 tuto
909 4214 1044 4276 tribuet.
1067 4217 1147 4274 Cau·

316 4369 319 4380 -
404 4345 489 4398 eam,
527 4343 585 4384 cur
615 4321 642 4381 ia
678 4334 740 4382 tam
775 4316 1008 4401 frequenter
997 4311 1032 4375 air
1062 4315 1145 4376 hanc

403 4445 574 4488 numerum
597 4427 733 4486 clarium
755 4433 908 4502 receptur
927 4418 984 4491 ait,
1006 4425 1071 4477 non
1090 4415 1146 4475 ali·

337 4513 342 4520 ¹
404 4545 454 4585 ant
484 4545 555 4586 aare
584 4523 742 4606 conjicio,
771 4543 865 4605 quam
889 4517 975 4604 quod
998 4517 1068 4597 ejua
1089 4535 1145 4579 uo·

435 4731 471 4800 a)
487 4729 523 4788 iu
542 4729 775 4787 Pseudomantie.

1574 1069 1593 1108 ξ

1493 1120 1512 1158 a
1656 1116 1675 1153 a

1352 1172 1586 1238 OLYMPIAS.
1595 1175 1818 1255 (raptorisque
1827 1172 1955 1236 OLlM-

1332 1277 1476 1354 ctas.)
1488 1271 1665 1335 REGINA.
1690 1277 1954 1355 Olympiaaoelu·

1351 1391 1385 1442 ta
1399 1383 1434 1440 in
1448 1383 1527 1442 lecto
1537 1379 1656 1440 cubum
1666 1380 1830 1438 dautem
1841 1399 1954 1442 vereor

1350 1490 1523 1560 serpentem
1550 1481 1770 1556 adauryaatam
1797 1485 1953 1557 extendit,

1350 1603 1376 1642 r.
1399 1583 1546 1657 deirlaino
1568 1581 1726 1640 innititur.

1211 1688 1311 1761 Capra!
1323 1685 1469 1746 Neronia.
1493 1679 1642 1758 (Morelli
1661 1681 1779 1763 impp.)
1804 1687 1953 1763 majani.

1209 1787 1440 1864 (Havercamp.
1458 1801 1546 1844 num.
1561 1779 1628 1860 (id.)
1649 1785 1845 1848 caracallae.
1866 1787 1953 1866 (Cat.

1209 1887 1399 1968 d'Ennery.)
1420 1887 1603 1946 Alexandri
1620 1885 1664 1944 Μ.
1687 1885 1787 1964 (Mur.
1805 1885 1895 1952 Prie.
1910 1887 1953 1948 de

1208 1971 1396 2068 Vl'aldeclt.)

1348 2093 1430 2152 Sine
1446 2091 1624 2169 eptqrapha.
1651 2089 1756 2166 dypna
1771 2094 1866 2166 iden,
1886 2097 1953 2156 nira'

1349 2193 1436 2274 quod
1450 2211 1511 2268 pro
1532 2189 1677 2265 deliriino
1695 2192 1741 2249 ait
1755 2193 1895 2268 rimpleoe
1911 2196 1952 2256 le·

1346 2293 1426 2352 crati
1440 2292 1593 2369 selmum.

1209 2401 1309 2476 Caput
1324 2394 1470 2456 Neronia.
1494 2391 1595 2470 (ilua.
1612 2389 1703 2452 Caea.
1722 2403 1755 2452 et
1771 2391 1881 2476 alibi)

1266 2489 1498 2574 Olympiadem
1514 2509 1556 2552 ex
1569 2489 1711 2552 dracoue
1724 2493 1951 2562 Alexandrum

1205 2599 1250 2658 Μ.
1271 2593 1477 2676 complace,
1501 2589 1684 2675 apluribua
1704 2597 1892 2678 proditum,
1915 2622 1952 2664 ac

1205 2697 1381 2782 praecipue
1402 2693 1578 2756 Plutarcho
1602 2694 1636 2754 in
1660 2695 1729 2776 ejus
1756 2701 1845 2780 regia
1871 2699 1949 2778 viia,

1207 2819 1360 2884 quoraum
1397 2794 1554 2858 adludunt
1586 2794 1804 2877 proruentium
1836 2821 1953 2865 numo·

1205 2921 1277 2962 rum
1293 2899 1370 2981 typi,
1416 2896 1646 2980 Olympiadem
1670 2898 1766 2960 etiarn
1788 2901 1873 2964 citra
1898 2905 1954 2966 mi.

1205 3001 1352 3064 raculum
1382 2995 1557 3060 draconem
1589 2999 1733 3080 potuiaae
1764 3001 1797 3062 iu
1826 3003 1951 3070 lectum

1204 3104 1375 3184 recipere,
1399 3099 1562 3162 eriatimat
1583 3101 1763 3177 Luciacus,
1795 3097 1951 3187 quoniam

1184 3203 1291 3288 'apud
1320 3201 1447 3263 Pellam
1478 3198 1690 3264 Macedoniae
1726 3202 1817 3264 cicur
1846 3208 1952 3289 qnod.

1205 3306 1278 3368 dam
1296 3303 1357 3364 fuit
1376 3315 1408 3364 et
1427 3301 1598 3364 tractabile
1620 3315 1809 3384 serpentum
1832 3327 1951 3389 genua,

1205 3427 1287 3490 quae
1301 3401 1399 3468 forte*
1412 3403 1541 3487 cognita
1559 3405 1693 3485 reginae
1707 3425 1786 3468 cum
1803 3407 1951 3476 dracoue

1204 3505 1405 3570 familiariter
1434 3506 1638 3569 occasionem
1667 3504 1798 3570 dederit
1824 3513 1951 3595 vulgati

1204 3609 1345 3671 rumoria
1367 3607 1409 3670 de
1432 3619 1612 3689 concepto,
1635 3619 1670 3669 ut
1691 3609 1887 3673 Larianus*
1876 3635 1950 3698 apte
2042 3690 2045 3694 ¹

1204 3711 1350 3790 conjicit,
1373 3728 1414 3770 ex
1437 3707 1580 3770 dracone
1600 3687 1788 3772 Alexandro
1804 3715 1844 3794 ¹.)
1868 3717 1950 3780 Del-

1203 3811 1336 3896 phinni,
1354 3811 1406 3871 oui
1427 3812 1541 3893 regina
1562 3810 1725 3886 inuititur,
1747 3833 1867 3896 purum
1891 3840 1950 3901 pu.

1204 3927 1272 3974 tum
1295 3911 1424 3976 videtur
1445 3911 1560 3980 lectuli
1583 3927 1824 3996 ornamentum,
1846 3932 1881 3980 et
1901 3920 1949 3980 ni·

1204 4015 1251 4078 liil
1273 4013 1313 4076 ad
1335 4026 1445 4097 typum
1468 4013 1632 4078 conferre.
1683 4021 1687 4032 '

1564 4113 1584 4154 a

1266 4211 1559 4280 ΝΙΚΟΚΡΕΩΝ.
1590 4217 1675 4284 Vide
1693 4215 1811 4282 iulra
1800 4241 1833 4280 ru
1855 4225 1948 4286 Anu·

1203 4322 1333 4382 careia.

1566 4417 1586 4454 1

1343 4462 1944 4606 rurndmvs.u‘axstuva(sto)
