4230 5490
394 494 455 573 οἳ.
890 463 1358 548 CONSTANTINVS
1396 463 1445 539 Μ.

534 661 656 725 Arelica
677 661 783 722 curia
1342 643 1939 721 DVCONSTANTINVSPTAVGG.

393 760 502 826 VOT.
533 759 575 827 V.
606 791 649 808 -
678 761 719 821 X.
748 792 790 807 -
820 757 893 824 XV.
922 789 965 804 -
992 755 1066 822 XX.
1096 787 1139 804 -
1343 755 1449 831 Caput
1465 752 1612 814 uelatum.

391 861 495 927 XXX.
526 861 560 922 in
583 860 727 943 copiosis
751 858 820 941 ejus
841 861 966 934 nornis,
996 857 1055 919 sed
1086 877 1142 921 oc·
1195 855 1278 916 Siris
1292 855 1472 934 epiprupkc.
1493 855 1671 932 Imperator
1685 859 1943 937 quadnprssrrr·

392 958 528 1026 currunt
551 962 650 1024 etium
674 961 754 1023 haec
778 973 852 1024 tota
873 961 907 1020 in
930 962 1037 1022 uomit
1056 958 1138 1038 aliis,
1194 976 1265 1017 sum
1279 964 1395 1030 uectus,
1411 975 1545 1034 superus
1557 960 1944 1036 muuurudeumrccs'ps'-

393 1065 449 1180 qui
466 1063 680 1128 aliashabent
698 1075 807 1146 partes
824 1082 969 1138 stersus,
991 1075 1026 1123 ut
1043 1059 1137 1137 adeo,
1194 1061 1309 1119 endum
1327 1065 1472 1132 ceresta,
1496 1059 1533 1118 t'rr
1542 1060 1616 1124 imo
1633 1061 1799 1122 curiorum
1814 1062 1943 1124 urbium

391 1163 509 1249 siquis
533 1178 633 1227 totum
654 1163 724 1244 ejus
743 1178 894 1229 votorum
913 1164 1138 1226 oeconomiam
1194 1159 1337 1222 uomina.
1380 1155 1451 1220 ΔΕ.
1473 1157 1530 1224 tv.

316 1299 323 1311 ·
390 1268 613 1343 nosserulet,
628 1266 969 1328 recesseritomnem
985 1267 1140 1330 Constan-
1258 1247 1311 1320 Ad
1335 1257 1559 1341 explicandam
1587 1258 1679 1320 numi
1709 1260 1845 1327 alterius
1872 1263 1947 1348 epi·'

390 1370 450 1432 tini
477 1382 639 1434 monetam
667 1369 823 1444 scrutari,
856 1369 945 1452 quod
971 1379 1005 1430 ct
1030 1367 1064 1429 in
1089 1389 1139 1433 se·
1197 1360 1344 1444 graphelt
1367 1379 1499 1424 urcem
1525 1379 1655 1444 lmlgne
1680 1383 1825 1430 marmot·
1845 1381 1942 1435 vetus

391 1471 566 1556 quentibus
601 1469 854 1555 imperatoribus
883 1470 1134 1538 observandum.
1194 1463 1362 1546 vulgatum
1384 1485 1403 1526 a
1426 1462 1738 1547 Scipione-Msffeio
1753 1467 1802 1551 ¹)=

675 1680 695 1721 ι
840 1680 860 1721 ι
1316 1663 1439 1734 otvo.
1459 1666 1817 1757 Ac.VENEttttBIL1

540 1781 582 1838 Vr
602 1779 650 1838 tir.
673 1781 715 1838 A.
1294 1769 1493 1831 PRINCIPI.
1522 1769 1838 1837 CONS'PANTINO

392 1863 608 1944 vulturis,
637 1875 837 1962 PVBLICA.
867 1879 985 1940 Mulier
1015 1871 1153 1940 triremi
1202 1857 1210 1890 ¹
1364 1871 1773 1943 PATfl1.Pttthtt³vtt

392 1983 543 2042 insistens
555 1983 586 2040 d.
603 1982 775 2054 diluerem,
797 2001 822 2039 s.
837 1981 1061 2056 comsumptus,
1084 1967 1139 2041 ciri
1166 1975 1167 1980 ’
1427 1975 1705 2046 MAXIMORVM

391 2085 525 2142 adaram
539 2084 631 2143 miles
647 2083 812 2143 decreram
821 2082 972 2160 porripr't.
994 2080 1064 2140 ΑΕ.
1082 2079 1137 2142 111.
1194 2074 1233 2136 L.
1256 2075 1513 2144 CREPERIVS.
1544 2077 1842 2146 MADALIANVS.
1871 2079 1941 2148 VC.

390 2179 528 2262 (unns.)
963 2236 972 2246 ,
1215 2177 1373 2243 runnu.
1394 2177 1495 2242 suu.
1518 2178 1762 2258 ctutvus.
1784 2178 1918 2244 cuso„
2032 2167 2035 2170 ’

259 2297 263 2304 ’
350 2345 351 2353 χ
454 2281 601 2346 Eandem
614 2301 749 2346 aversae
764 2281 984 2366 epigraphen,
999 2279 1137 2348 sedulio

390 2397 467 2468 typo
491 2383 630 2452 vidimus
652 2384 685 2444 iu
707 2383 925 2474 Diocletiano.
1194 2379 1398 2463 Inquiramus
1434 2381 1575 2464 primum
1617 2379 1652 2444 in
1694 2375 1806 2446 literas
1847 2383 1939 2459 DV„

800 2473 803 2495 “
1193 2501 1276 2565 quae
1298 2482 1546 2565 inscriptionem
1568 2485 1668 2566 pertis
1685 2487 1809 2548 sntiuus
1826 2483 1942 2547 iucbo·

578 2591 681 2650 Diarss
703 2591 940 2653 Constantinus.
1191 2597 1256 2648 snt.
1300 2584 1472 2670 Plerisque
1496 2585 1616 2664 visuro,
1640 2605 1758 2679 essex
1778 2585 1941 2671 prseteri-

1071 2693 1075 2712 '
1189 2699 1247 2770 pto
1270 2685 1360 2748 numi
1377 2687 1606 2769 praecedentia
1628 2686 1807 2771 explendae
1825 2687 1940 2771 legen·
2043 2677 2049 2686 ⁸

453 2793 687 2857 Consecratum
725 2787 970 2852 Constantinum
998 2788 1139 2872 diserte
1191 2785 1234 2850 do
1252 2789 1377 2854 Dr'Vus.
1407 2786 1577 2852 Lubenter
1593 2788 1793 2868 adsentirer,
1815 2790 1844 2851 si
1864 2803 1941 2874 post

276 2905 283 2922 ·
390 2890 488 2968 docet
522 2892 718 2984 Eutropius,
754 2893 952 2976 appellatum
988 2893 1134 2962 Dtvvnt
1191 2910 1246 2952 ear
1273 2891 1507 2954 adstitueretur
1532 2906 1707 2976 punctum,
1741 2893 1797 2958 vel
1822 2891 1939 2956 saltem

387 2995 495 3072 nutui,
517 2995 638 3062 factum
658 3009 763 3056 tamen
783 2994 870 3056 istud
887 2995 986 3057 tuisse
1000 2995 1135 3059 *diuersa
1189 2991 1400 3071 intervalium
1415 2994 1546 3076 justius,
1562 3015 1627 3080 quo
1640 3007 1823 3071 constaret,
1836 3013 1938 3057 unum

389 3098 429 3161 ab
465 3117 507 3163 eo
540 3095 605 3157 ritu
638 3095 781 3171 rationo,
819 3117 883 3180 quo
918 3098 1134 3182 imperatores
1191 3116 1246 3158 eas
1268 3095 1407 3159 verbum
1427 3097 1527 3158 instsr
1548 3097 1705 3180 siglarum
1724 3095 1937 3170 constituere,

387 3199 546 3262 hactenus
576 3201 672 3261 coeio
705 3198 852 3262 udsertos
880 3199 1038 3276 vidimus,
1057 3177 1135 3264 ⁸mo·
1192 3197 1287 3316 quale
1311 3211 1361 3260 est
1386 3219 1414 3262 r.
1433 3219 1461 3263 c.
1481 3199 1575 3264 COS.
1567 3199 1808 3284 pr.oCOrrS,
1830 3200 1940 3264 velut

390 3299 519 3383 doque,
551 3301 606 3383 qui
631 3300 888 3363 Christianorum
914 3301 969 3363 leu
950 3300 1043 3382 ibus
1068 3322 1134 3364 non
1190 3298 1224 3360 in
1250 3320 1348 3362 numo
1376 3315 1535 3405 coquente
1561 3303 1623 3369 VN
1654 3305 1738 3378 MR,
1769 3302 1824 3365 vel
1845 3320 1941 3364 uerre-

388 3400 608 3484 repugnabat,
630 3403 810 3464 rerisimile
839 3414 898 3463 est.
944 3403 1029 3465 Sane
1052 3424 1133 3489 quos
1191 3407 1315 3465 rastas
1331 3410 1513 3468 memoriae.
1543 3405 1586 3465 At
1607 3423 1682 3466 cum
1705 3413 1820 3465 omues
1841 3389 1940 3483 liujus

389 3499 485 3582 hujus
499 3505 685 3580 argumenti
699 3503 891 3587 superstites
906 3503 1062 3566 habemus
1076 3525 1135 3566 nu·
1191 3503 1389 3587 epigraphes
1404 3505 1520 3567 literae
1537 3525 1573 3567 se
1589 3487 1752 3590 aequabili
1765 3505 1842 3585 lege
1861 3519 1940 3566 oon·

389 3619 479 3678 mos,
518 3601 601 3660 nibil
631 3605 802 3685 profani,
819 3617 873 3666 sut
905 3603 993 3686 quod
1023 3617 1134 3669 noctua
1191 3619 1369 3689 sequantur
1395 3607 1486 3670 nullo
1513 3621 1568 3670 sut
1591 3621 1728 3691 puncto,
1760 3605 1939 3668 autinter·

387 3701 492 3784 possit
513 3699 709 3766 stomdcbari
730 3705 867 3788 religio,
890 3717 1062 3793 ostentant.
1191 3706 1279 3768 valio
1303 3705 1499 3792 diremptae,
1521 3731 1587 3774 nou
1612 3709 1848 3794 prohibemur,
1872 3725 1940 3792 quo

909 3881 912 3888 .
1069 3829 1071 3836 ’
1192 3809 1296 3872 minus
1310 3813 1544 3893 amplectamur
1561 3811 1813 3896 explicationem
1830 3811 1938 3886 alium,

670 3913 690 3954 *
752 3871 771 3912 1
832 3916 853 3956 *
1188 3913 1219 3983 si
1240 3934 1302 3996 qua
1329 3914 1436 3998 aptior
1464 3934 1538 3976 sese
1566 3913 1660 3976 nobis
1688 3915 1837 3977 offerret.
1881 3911 1940 3979 Vi·

530 4005 652 4074 Dtvo.
671 4007 1052 4076 committuntur.
1077 4015 1133 4076 Cu·
1190 4035 1261 4074 sum
1291 4013 1483 4096 aliquundo,
1516 4016 1583 4099 legi
1615 4035 1713 4098 posse
1745 4019 1848 4079 Diosra
1878 4015 1939 4080 vt·

389 4147 392 4154 .
525 4121 586 4190 pert
603 4116 741 4173 relatum
758 4124 791 4174 et
807 4117 995 4176 qurcutum
1190 4125 1275 4191 ctor,
1304 4137 1377 4179 cum
1404 4116 1492 4200 quod
1517 4117 1780 4182 Constantinus
1770 4139 1805 4180 ιιι
1828 4116 1937 4178 nuruis
1973 4121 1979 4130 '

388 4209 608 4276 AETERNA.
625 4211 795 4277 Plures.
827 4219 927 4278 Miles
935 4219 1086 4297 pulsatus
1102 4228 1147 4286 et
1191 4217 1331 4298 copiosis
1362 4217 1481 4280 dicitur
1510 4220 1689 4286 VICTOR.
1713 4217 1937 4283 CONSTAN-

383 4311 561 4390 paludatus
587 4321 737 4378 started.
767 4320 909 4393 huttarn,
942 4339 967 4378 s.
992 4319 1131 4398 plebum,
1191 4319 1340 4395 TlNVS,
1374 4332 1443 4380 tum
1464 4321 1583 4403 quod
1574 4343 1601 4383 ts
1619 4321 1732 4385 alteris
1752 4319 1803 4380 bis
1824 4317 1938 4384 verbis
2027 4301 2032 4308 ’

387 4417 442 4474 cur·
470 4417 506 4475 r‘rr
531 4421 694 4479 nonnullis
721 4399 874 4481 insertum
893 4436 1133 4500 munoprummu
1190 4433 1378 4483 constanter
1409 4443 1482 4485 suas
1501 4423 1584 4506 ,ipse
1615 4423 1728 4486 literas
1758 4419 1937 4505 inscripsit,

390 4515 513 4574 Christi.
555 4517 624 4578 ΑΕ.
642 4519 700 4584 IV.
724 4519 840 4601 (Band.
857 4522 940 4582 Mus.
958 4521 1067 4604 Caes.)
1188 4535 1225 4584 ut
1253 4524 1373 4606 passim
1403 4523 1519 4588 videre
1549 4517 1600 4588 es't
1628 4525 1715 4608 apud
1742 4523 1936 4586 Eusebium.

425 4721 457 4792 a)
475 4719 548 4779 Mus.
562 4683 677 4786 Veron.
698 4745 728 4802 p.
747 4737 809 4790 251.
