4206 5482
395 570 401 582 .
489 519 566 592 -DE
610 515 910 592 LEGIONIB.
951 519 1028 594 ET
1067 453 1384 604 ΟΟᾸΗΟΒΤΙΒ
1409 552 1411 558 ·
1630 546 1703 628 292
1808 469 1812 474 Ι

153 703 256 766 atium
286 699 493 777 eontultret,
529 701 561 762 in
592 698 708 784 quibua
747 697 907 782 complui·
961 701 1115 767 nimirum
1146 705 1305 788 imaginat
1343 705 1527 772 Caesarum
1557 721 1703 794 separata
1787 783 1789 787 ,

159 825 249 876 mua,
282 803 331 864 ltit
362 802 464 885 tignia
495 823 658 865 uaummu
681 803 790 865 huttte
812 813 905 884 parte
963 801 1112 865 luitae
1086 826 1177 888 mgna
1197 808 1287 872 nullu
1311 827 1384 871 eum
1413 809 1484 870 aliia
1508 815 1707 878 communio·

67 903 74 924 ⁸
105 915 109 922 '
157 923 266 990 utque
303 901 343 966 ad
377 901 515 964 medium
556 903 697 966 intertot
727 902 912 983 urbiculua,
963 911 1023 978 ne,
1047 919 1081 967 et
1103 908 1199 970 ticin
1221 908 1507 995 legioneperiurle
1529 927 1625 999 atque
1644 915 1710 979 alia

156 1023 343 1088 eorumque
373 1025 472 1067 unum
506 1005 633 1067 ulteri'
624 1006 849 1091 impetitum,
844 1018 906 1066 at·
964 995 1096 1086 publice
1123 1011 1295 1092 expetitu,
1321 1005 1539 1096 praelatuqu'e.
1583 1017 1634 1078 Ex
1664 1017 1710 1078 ul·

152 1108 307 1193 quehot
331 1106 547 1169 elimatitiate
569 1107 907 1190 imagineauauioruru
965 1105 1057 1167 lutit
1069 1108 1164 1170 ultiut
1195 1111 1343 1192 Vegetii,
1375 1112 1543 1190 Suetonii,
1577 1115 1707 1179 Arriani

153 1209 346 1282 numinum,
379 1205 499 1273 deinde
530 1211 780 1291 imperaturum,
820 1205 911 1294 quorl
965 1209 1533 1289 teatimuniitutaniiuttedocemur,
1555 1209 1709 1279 alludiu-

155 1312 242 1374 item
267 1329 351 1374 eum.
373 1308 489 1391 Capiat
507 1309 589 1392 alibi
610 1311 733 1374 diaerte
750 1309 847 1372 docet
864 1310 905 1392 ⁸).
963 1309 1028 1373 iate
1045 1312 1187 1396 aquilae,
1209 1311 1300 1375 uliud
1320 1314 1410 1396 tigna
1435 1319 1595 1391 Romana,
1618 1317 1708 1380 uliud

158 1414 199 1474 in
223 1413 283 1474 bue
314 1429 396 1495 erge
419 1413 577 1476 tentantia
607 1412 765 1497 imagines
788 1411 907 1494 prinei·
963 1414 1340 1496 imaginrallueaarum,
1372 1417 1476 1498 Atque
1496 1416 1707 1481 ltuateortim

155 1534 239 1598 pum
259 1514 369 1576 ltattae
384 1513 469 1596 signi
485 1515 633 1578 militaria
652 1517 786 1578 fuerunt
806 1514 909 1576 inter·

157 1629 227 1681 tue.
271 1614 348 1676 Alio
386 1613 506 1692 medo,
543 1617 641 1680 ducat
674 1616 780 1692 idum,
818 1615 908 1678 numi

159 1717 323 1780 maximae
361 1717 488 1780 sut-mue
532 1717 761 1800 imperantium
799 1715 910 1778 tultae

157 1819 330 1903 complexi
355 1841 396 1883 ex
422 1841 544 1882 nummu
572 1819 661 1881 ltattn
693 1837 756 1901 epe
777 1833 909 1880 eatenu-

158 1921 216 1986 lue
239 1907 489 2008 dependebant,
513 1920 613 2006 itique
643 1919 800 2004 adprobat
828 1919 908 1980 Bur·

157 2022 350 2106 tltulemyua
381 2023 517 2107 paulatia
548 2023 654 2086 numia
684 2019 908 2104 cumpluribuu

157 2123 270 2187 mutui
298 2123 394 2206 regii.
439 2123 586 2207 Ampliua
620 2121 706 2189 iared
737 2117 908 2198 confirmat

156 2225 447 2316 iudieutitmumit
477 2226 664 2302 intitulari,
687 2243 774 2311 ,quea
795 2213 932 2296 ,edidit

156 2345 261 2390 eom,
284 2325 401 2407 Cuylut
417 2321 472 2411 ¹³),
501 2327 559 2411 qui
586 2328 736 2391 catenula
768 2323 908 2388 connexi

158 2425 262 2491 alteri
281 2428 371 2505 ιιιιιι,
393 2443 429 2492 ut
444 2442 583 2516 uterque
607 2429 785 2504 exiatimut,
808 2425 927 2490 terri·

156 2549 200 2590 re
222 2549 291 2590 nun
312 2543 468 2612 patuere,
499 2533 566 2593 niti
591 2544 628 2596 ut
657 2531 751 2614 tigno
775 2517 911 2591 ιιιίιιιιὶ

156 2627 266 2692 arlilxi
279 2630 477 2748 pepdulique
491 2653 654 2697 uuarurum
665 2632 820 2718 principia
830 2631 907 2735 imu-

158 2732 278 2815 gitium
299 2735 386 2797 vieea
402 2747 548 2816 agerent.

226 2834 284 2901 Eu
295 2834 355 2896 tibi
375 2836 443 2898 tola
460 2836 541 2900 haee
558 2846 769 2920 argumenta,
793 2833 909 2919 quibua

159 2935 328 3021 praeelati
341 2937 423 2997 hi
394 2937 454 3002 vrri
471 2958 644 3002 numerum
668 2939 824 3001 maximae
843 2936 910 3000 tur-

159 3056 240 3132 mae
266 3057 359 3100 utum
383 3040 458 3103 tatia
483 3021 638 3123 putabunt
663 3038 909 3122 comprobatum

965 1513 1005 1576 ab
1031 1515 1104 1578 aliia
1132 1515 1194 1596 jam
1223 1517 1308 1600 ipaua
1338 1515 1440 1580 tlietut
1467 1517 1569 1580 iuiaae
1600 1511 1706 1602 tt'pttu,

964 1613 1071 1697 palum
1089 1615 1188 1680 docet
1201 1619 1252 1680 Fi.
1267 1615 1440 1701 luaephua,
1471 1620 1527 1703 qui
1544 1641 1618 1683 eum
1636 1643 1711 1684 uar-

963 1729 1087 1792 ruttet,
1117 1717 1257 1782 Pilatum
1281 1718 1408 1781 Tiberii
1438 1719 1473 1780 in
1496 1715 1612 1783 iudaea
1634 1742 1709 1804 pre·-

965 1829 1150 1880 euruturem
1177 1820 1260 1884 elam
1284 1821 1529 1903 flierutulymat
1557 1821 1706 1886 intulitau

965 1917 1112 1982 Caeaariu
1139 1920 1317 2006 imaginea,
1340 1922 1432 2006 quoi
1453 1923 1573 1986 tleinde
1594 1926 1709 2007 iugen-

964 2020 1006 2082 tia
1027 2019 1060 2081 in
1083 2022 1207 2104 populu
1234 2037 1340 2086 mutua
1361 2043 1457 2088 euutu
1482 2024 1625 2100 etatitit,
1655 2023 1710 2087 ad·

965 2121 1031 2197 tiit,
1054 2143 1108 2185 eut
1125 2121 1492 2206 tipttaluitaereeutat,
1514 2147 1571 2199 τις
1588 2125 1710 2186 Καισω-

965 2221 1063 2304 ptuit
1065 2245 1166 2298 ιιοιας,
1190 2240 1324 2304 σημαιαι
1347 2229 1492 2288 uelatum
1507 2227 1548 2308 c¹).
1592 2227 1654 2289 Et
1656 2247 1712 2309 ap·
1847 2287 1851 2294 .

964 2325 1070 2410 pot-ite
1096 2323 1178 2386 adeo
1194 2323 1234 2386 arl
1255 2325 1336 2390 ltaee
1362 2327 1492 2413 iotephi
1511 2327 1610 2392 verbu
1628 2327 1711 2393 dixit

967 2422 1112 2492 sniduad
1114 2433 1147 2513 )t
1191 2419 1352 2509 Σημαιαι,
1396 2447 1509 2514 erepta,
1550 2449 1710 2513 προτομαι,

964 2540 1219 2596 commemoratu
1257 2521 1416 2602 continuo
1441 2530 1572 2613 iuaephi
1600 2551 1710 2594 narra⁶

966 2635 1074 2708 tione,
1110 2649 1204 2716 quem
1230 2631 1329 2694 mauu
1361 2629 1563 2694 adduximua.
1603 2633 1710 2698 ltaeta

822 2733 831 2763 '
968 2733 1084 2800 fluidat
1106 2733 1163 2796 hat
1185 2726 1343 2816 imaginea
1369 2744 1463 2795 vueat
1487 2733 1585 2796 etiam
1607 2753 1713 2812 πριιι-

945 2877 950 2898 .
967 2859 1049 2920 μας;
1079 2855 1154 2898 uum
1176 2832 1310 2894 dubium
1332 2845 1487 2906 ueneat,
1518 2833 1591 2897 illua
1612 2834 1713 2900 hatti·

967 2936 1127 3022 praelixut
1142 2947 1366 3020 preteritarum
1390 2932 1541 2997 ltabuiate
1553 2937 1711 3017 upeeiemt

966 3023 1100 3104 illuatre
1127 3047 1355 3118 argumentum
1385 3037 1435 3117 (ut
1464 3034 1527 3118 jum
1550 3035 1712 3111 etiamad

160 3139 255 3204 nulla
272 3139 334 3203 alia
350 3141 419 3206 tire
434 3143 633 3227 temptorum
649 3141 908 3216 veterum,aire
965 3143 1036 3226 ipaa
1065 3151 1274 3204 monumenta
1304 3135 1507 3218 delabamur)
1544 3151 1615 3202 eatu
1650 3159 1710 3202 nu·

161 3257 450 3306 monumentorum
493 3241 651 3328 preducta
704 3243 908 3308 auctoritate.
966 3265 1038 3308 mut
1060 3237 1413 3316 mtoniuevimiutcii,
1437 3240 1492 3324 qui
1514 3252 1565 3302 eet
1586 3241 1619 3300 in
1635 3243 1713 3302 'mtt-

160 3345 259 3426 Ergo
272 3343 322 3405 illi
338 3345 496 3428 imagines
513 3344 734 3427 Auguaturum
751 3358 816 3408 nen
839 3365 910 3411 ere·
966 3347 1025 3411 a'eo
1056 3333 1240 3414 Caeturee,
1277 3353 1313 3403 et
1349 3340 1412 3421 jum
1443 3341 1523 3404 olim
1554 3341 1661 3404 aditua
1692 3364 1712 3405 a

153 3445 282 3530 ‘didere
301 3447 438 3510 teoraitn
459 3447 641 3522 antitiste,
663 3459 716 3509 tut
731 3446 804 3508 illua
822 3466 911 3508 teur-
965 3447 1155 3512 Frueliehio
1171 3445 1211 3526 θ).
1254 3446 1291 3504 lu
1321 3441 1394 3523 ejua
1423 3461 1535 3508 aversa
1557 3453 1620 3506 atat
1642 3443 1711 3504 m'a·

160 3549 227 3610 uim
257 3547 291 3609 iu
322 3549 424 3632 aignit
454 3549 647 3612 militaribua
682 3567 910 3626 numeravere,
966 3551 1048 3624 liet,
1071 3567 1153 3632 quae
1176 3545 1424 3608 mauudeutera
1446 3545 1574 3628 tignum
1595 3543 1713 3607 militu-

163 3663 376 3736 geatatatqua
407 3651 507 3714 ituatia
527 3647 685 3736 perinde,
716 3671 753 3714 ae
782 3651 816 3712 in
837 3651 916 3712 aliia
966 3671 1004 3715 te
1020 3663 1129 3724 tenet,
1153 3647 1210 3712 uui
1224 3665 1322 3709 mure
1341 3647 1439 3710 nolito
1461 3644 1553 3728 legio
1569 3632 1641 3713 Vll.
1666 3644 1714 3706 in·

160 3751 324 3837 aquilam,
354 3763 504 3828 eertum,
537 3772 667 3816 manum
698 3752 911 3835 explicatam,
957 3752 1167 3836 aeriptuett,
1189 3749 1357 3833 ejuateru
1376 3739 1715 3832 aptat'tmntnatpro·

163 3873 207 3916 ue
228 3854 366 3932 timiliu,
397 3867 431 3918 et
453 3854 538 3918 adea
566 3853 623 3916 ltua
645 3853 802 3938 imaginat
823 3857 911 3940 priu-
968 3867 1057 3918 tome
1085 3851 1260 3928 Gordiani,
1292 3850 1419 3913 tinietra
1451 3849 1560 3912 aimile
1582 3848 1714 3930 tignum

163 3956 297 4037 cipum,
324 3957 619 4041 quot·auperatitie
639 3959 784 4020 Remuua
808 3971 913 4020 teter·
968 3979 1043 4022 rum
1068 3955 1235 4019 mentione
1262 3949 1403 4036 legiuni'a
1432 3948 1523 4026 mn,
1555 3963 1589 4015 at
1610 3948 1716 4012 immi·

162 4075 228 4120 not
256 4059 379 4133 aunxit,
413 4059 608 4143 tapetiaque
637 4057 805 4142 aequarit,
833 4060 912 4120 nuit·
967 4071 1068 4122 neate
1087 4057 1136 4118 illi
1151 4071 1302 4142 prutome
1326 4051 1439 4116 uxoria
1457 4049 1712 4144 Tranquillinae

160 4158 231 4221 niti
252 4159 411 4242 quandam
434 4159 474 4224 ιιι
501 4163 608 4242 tigna
620 4158 785 4222 oadtnarta
806 4177 913 4222 tecet·
969 4161 1076 4224 Nemo
1100 4158 1276 4223 adhaereat
1300 4152 1341 4216 ad
1357 4150 1505 4220 mulieria
1524 4129 1653 4214 vultum
1673 4167 1715 4214 ex

163 4259 294 4324 tionum
313 4275 483 4350 putavere.
525 4259 624 4326 Aliud
642 4261 762 4325 tineent
781 4263 911 4324 oracula
969 4262 1063 4344 aigne
1086 4241 1218 4358 militari
1246 4238 1468 4337 eunapiuuuu).
1512 4247 1596 4312 Sutia
1625 4235 1712 4312 euim

163 4377 335 4464 ueterum,
365 4376 399 4427 et
413 4375 504 4427 earta
519 4375 803 4426 monumentorum
818 4363 910 4439 ludet
970 4363 1156 4457 eugnitum,
1185 4360 1319 4425 uxorio·
1349 4351 1481 4416 maritet
1497 4347 1574 4436 jam
1596 4337 1714 4470 iprlea

201 4693 318 4766 milae.
335 4695 386 4754 lll
379 4717 471 4776 ..pag
462 4703 551 4758 ..tto
636 4691 1090 4774 ttltecrom.1v.ptg.197.
1131 4705 1136 4716 “
1170 4692 1202 4768 a)
1220 4665 1476 4748 daBall.1ud.L.
1498 4678 1534 4764 li,
1557 4645 1665 4758 αις.
1685 4689 1717 4740 22.

166 4781 275 4854 ‹itaut›
296 4783 451 4872 Σημαιιιι.
533 4784 565 4858 a)
580 4781 633 4848 IV
654 4775 787 4844 Teutam.
781 4807 870 4870 ..pag
889 4797 952 4853 123.

161 4973 164 4980 ⁴
270 4887 491 4968 (1011111.)
622 4985 627 4996 ῃ
1416 4875 1517 4944 nra
