4226 5500
463 600 537 671 nu
564 594 820 674 1osurno
854 599 1116 676 ernusto
1142 605 1386 681 uertunt..
1646 543 1708 670 sm

150 781 425 840 restauraturus
450 786 570 859 esset,
596 767 782 844 edendum
803 771 1028 872 susciperet,
1051 777 1124 862 An.
1142 792 1255 866 t'tttt,
1289 773 1454 848 libellum
1474 773 1508 872 a)
1531 780 1708 875 praemit·-

150 899 306 974 tendum
329 901 492 1000 putavit,
518 928 594 1002 quo
618 903 802 978 elementa
829 905 885 978 rei
914 907 1102 991 numeriae
1126 909 1166 982 in
1188 933 1293 984 usum
1315 926 1488 1009 tyronum
1512 930 1702 1010 semente

148 1035 366 1134 proposuit,
395 1052 437 1108 ut
461 1035 650 1110 literarum
672 1038 848 1129 studiosi,
871 1041 1024 1139 cognita
1056 1045 1112 1116 rei
1141 1045 1318 1142 gravitate
1348 1061 1385 1116 et
1414 1043 1701 1144 pulchritudine,

149 1167 200 1240 sd
221 1167 384 1241 studium
410 1169 704 1246 numismaticurn
727 1173 996 1276 invitarentur..
1013 1179 1144 1275 Itaque
1176 1179 1216 1248 in
1236 1177 1309 1250 hoe
1338 1177 1467 1252 libello
1488 1145 1702 1254 elementari

149 1327 330 1376 enrnrnam
350 1303 406 1374 rei
434 1303 623 1378 numariac
644 1305 806 1380 breviter
832 1308 1002 1408 exposuit
1022 1326 1060 1383 et
1078 1313 1130 1386 vt
1154 1311 1289 1386 tubulis
1310 1312 1465 1410 adjectis
1485 1337 1616 1387 numos
1636 1340 1702 1387 no·

146 1454 229 1510 tatu
251 1437 484 1535 dignissimos
505 1437 804 1539 repraesentavit.
1212 1439 1215 1444 ’
1400 1421 1406 1432 ’

247 1575 391 1648 Auctor
412 1590 559 1666 noster,
586 1601 807 1676 quemquam
830 1575 953 1652 studio
973 1602 1167 1651 numerum
1188 1601 1278 1680 prae
1303 1577 1460 1654 caeteris
1483 1573 1699 1680 occupatus,
1814 1601 1822 1612 ‘
1942 1631 1947 1638 -

145 1721 274 1784 temen
294 1707 335 1780 in
357 1695 527 1784 cunibus
554 1710 723 1810 partibus
736 1709 1028 1811 Archaeologiae
1048 1712 1253 1814 aequaliter
1272 1731 1437 1789 versatus
1461 1713 1545 1789 fuit.
1587 1717 1699 1792 Prae·
1797 1709 1809 1724 ’

145 1860 251 1922 terte
271 1841 551 1942 amplitudinem
569 1845 791 1921 eruditionis
811 1845 982 1938 acumine
998 1846 1129 1948 judicii
1146 1841 1186 1922 et
1202 1839 1341 1948 ingenii
1362 1845 1547 1947 elegantia
1564 1873 1701 1949 sequa·
1727 1855 1730 1862 '

145 1977 208 2051 vit.
236 1977 353 2078 Cujus
372 1975 427 2050 rei
448 1979 654 2080 exemplum
677 1979 781 2054 dedit
806 1979 847 2053 in
875 1981 1106 2081 expositione
1128 2007 1195 2057 sua
1219 2009 1444 2082 gemmarum
1464 1983 1584 2058 Musei
1606 1985 1698 2058 Cae·

144 2111 243 2184 sarci
262 2112 506 2204 Viennensis,
533 2138 688 2214 quarum
709 2116 1022 2216 praestantissima
1037 2117 1258 2219 exemplaris
1273 2119 1313 2190 in
1333 2117 1406 2192 hoc
1423 2139 1537 2218 opere
1557 2118 1697 2216 magni·

143 2243 218 2318 lieo
242 2243 436 2344 descripsit
453 2245 505 2341 ι)).

244 2371 327 2452 lion
348 2380 497 2477 quidem
516 2379 706 2472 Museum,
732 2401 755 2458 a
780 2407 855 2484 quo
875 2401 1043 2486 ternpore
1062 2383 1205 2460 nothel
1231 2386 1312 2485 ejus
1341 2402 1466 2461 custos
1488 2386 1692 2474 exsisteret,

143 2537 374 2612 gemmarum
394 2513 589 2608 thesauris,
610 2532 682 2591 ets
704 2515 1069 2618 duceIrotlraringiee
1090 2535 1128 2592 et
1148 2518 1234 2592 olim
1251 2517 1291 2590 in
1310 2537 1430 2594 castro
1443 2517 1696 2596 Ambraciensi
1821 2533 1826 2541 '

141 2645 361 2746 provincius
373 2648 520 2748 'l'yrolis
540 2648 721 2753 collectis,
743 2647 896 2745 ditatum
911 2653 1033 2726 suerat
1042 2679 1056 2748 3
1081 2677 1206 2727 verum
1223 2670 1352 2726 auctor
1372 2671 1501 2728 noster
1523 2641 1695 2753 inopere

142 2805 216 2856 suo
237 2807 472 2857 nonomnem
489 2783 610 2858 Musei
631 2785 787 2884 copiam,
813 2783 880 2859 sed
899 2775 962 2859 ees
981 2785 1181 2885 praecipue
1197 2786 1606 2884 gemmesillustrandes
1623 2811 1692 2884 pu·
1821 2783 1827 2794 ’

143 2917 254 3008 tavit,
284 2942 379 3017 quae
395 2917 455 2996 vel
473 2917 725 3016 magnitudine
747 2945 813 2994 sna
833 2919 891 2994 vel
908 2919 1059 3021 objecto
1084 2919 1317 3007 excellerent.
1337 2919 1543 3020 Explicatio
1564 2935 1691 2994 aucto·

141 3051 196 3124 ris
220 3051 340 3124 nostri
361 3052 530 3151 exemplo
550 3053 710 3152 proponi
726 3069 851 3152 potest
874 3055 1071 3144 omnihus,
1096 3053 1320 3152 quicumque
1338 3053 1449 3155 hujus
1475 3052 1623 3152 generis
1638 3053 1691 3126 la·

143 3183 306 3258 boribus
324 3203 568 3285 occupantur.
594 3187 682 3260 Non
703 3187 800 3260 enim
823 3187 986 3262 imitatus
1005 3205 1063 3261 est
1080 3185 1465 3285 illosArcbaeologiee
1483 3187 1693 3292 scriptores,

143 3319 228 3417 qui,
248 3319 334 3392 dum
353 3320 479 3394 omnia
498 3320 696 3420 explicare,
721 3322 845 3395 omniu
863 3320 912 3394 ad
930 3307 1195 3422 mythologiaur
1216 3319 1611 3395 historiemvereferre
1626 3345 1688 3394 co·

141 3451 292 3546 nentur,
309 3454 621 3555 pulchritudinem
634 3455 720 3528 estis
735 3455 929 3554 negligunt
936 3483 949 3551 3
962 3481 1086 3555 neque
1104 3456 1174 3527 hos
1192 3471 1249 3527 est
1259 3425 1454 3553 sequutus,
1476 3454 1553 3554 qui,
1579 3455 1690 3552 unice
1802 3499 1805 3506 >

142 3589 318 3688 occupati
333 3588 607 3687 pulchritudine
627 3582 726 3684 artis,
744 3607 878 3664 cuncta
897 3589 1133 3690 posthabent,
1157 3612 1255 3688 quae
1276 3587 1324 3661 ad
1344 3587 1611 3688 mythologiarn
1632 3589 1688 3658 hi·
1809 3661 1813 3672 ,

143 3701 344 3796 storiemue
361 3721 613 3796 illustrandam
630 3721 755 3798 lacere
767 3722 931 3798 valeant:
957 3721 1023 3798 sed
1040 3721 1195 3798 medium
1216 3719 1311 3795 viam
1327 3721 1424 3795 inter
1442 3715 1691 3823 proliritutem

140 3855 308 3956 Begeri
333 3872 371 3928 et
397 3855 632 3931 Gravellei
659 3856 861 3932 siccitatem
888 3843 1076 3955 ingressus
1099 3873 1167 3931 est.
1193 3855 1483 3955 ,Descriptiones
1506 3863 1587 3962 ejus
1605 3863 1690 3937 hre-

141 4015 208 4064 ves
231 4007 269 4064 et
290 3991 525 4082 succinctae,
552 3990 772 4091 perspicuae
804 4007 843 4066 et
870 3991 1118 4092 adaequatae3
1143 3991 1381 4067 nihilominus
1397 4011 1531 4086 'temen
1554 3995 1689 4095 plenae

141 4139 230 4198 sunt
247 4123 520 4224 ingeniosurum
532 4125 851 4217 observationum,
877 4143 915 4199 et
930 4125 1095 4200 idearum
1113 4151 1290 4200 noverum
1300 4175 1313 4218 ,
1340 4149 1436 4224 quse
1457 4153 1533 4201 non
1551 4131 1623 4204 nisi
1641 4131 1688 4205 ab

142 4261 295 4333 homine
317 4284 481 4334 summae
502 4257 719 4334 eruditionis
737 4257 963 4333 et¹acerrimi
983 4258 1136 4360 judicii,
1162 4258 1303 4358 quique
1323 4284 1452 4334 omnes
1473 4279 1597 4358 portes
1617 4235 1687 4337 dr-

143 4392 385 4491 clraeologiue
407 4419 451 4466 er
470 4417 553 4467 asse
575 4409 737 4484 teneret,
762 4393 946 4494 prolicisci
966 4395 1150 4493 poterent.
1467 4377 1473 4394 ¹
1585 4393 1587 4402 '

238 4527 381 4600 Prodiit
396 4525 468 4602 hoc
490 4553 583 4626 opus
596 4527 740 4602 Gallico
758 4527 931 4600 idiomate
951 4525 1220 4628 conscripturo,
1247 4551 1320 4626 que
1341 4525 1383 4598 in
1403 4551 1445 4601 re
1466 4544 1598 4602 auctor
1618 4555 1687 4602 no·

178 4790 211 4862 e)
230 4785 438 4866 Kurzgelasste
452 4787 700 4865 Aulangsgriiude
718 4805 770 4846 zut·
783 4786 862 4846 alten
876 4785 1079 4847 Numismatilt.
1097 4785 1185 4843 Wieu
1202 4797 1288 4856 178⁷,
1306 4785 1337 4844 iu
1350 4796 1408 4852 8¹⁰.

180 4881 216 4955 b)
238 4881 334 4940 Cheix
364 4883 401 4940 de
423 4884 535 4959 pierres
560 4883 700 4958 gretser,
728 4883 769 4941 du
792 4881 912 4942 cabinet
937 4879 1073 4958 imperial
1096 4881 1148 4939 des
1173 4881 1324 4958 antiques,
1350 4883 1553 4960 representees
1580 4903 1616 4941 en
1634 4883 1683 4939 xt.

234 4977 389 5055 pluuches.
415 4981 442 5036 A
458 4979 571 5040 Vieune
592 4999 629 5035 en
645 4977 804 5048 Autriehe,
827 4988 894 5042 tttt
910 4979 940 5035 iu
956 4978 1038 5036 lolio.
