4206 5482
464 449 899 577 nocumento.
934 448 1020 608 ¹nr
1066 499 1384 608 cononum.
1628 473 1698 606 mu
1788 489 1792 500 “

153 687 257 764 dere,
286 699 321 750 ut
343 685 496 772 proxime
522 682 704 748 docebitur.
748 683 903 747 Ceterum
960 681 1127 765 inquirere
1148 665 1248 750 rncn't.
1290 685 1444 772 Proxime
1474 687 1525 752 bis
1554 688 1704 755 succedit
1794 743 1796 750 .

152 813 220 854 uun
240 787 584 862 adversarilnirmriie,
608 785 781 849 Antonium
800 782 904 864 legio·
960 783 1051 867 legio
1081 785 1184 850 xxx.
1224 809 1241 850 a
1273 788 1415 872 Trojano
1448 788 1652 874 conscripta,
1685 812 1705 856 a

153 895 254 956 nibus
271 877 516 954 omnino'xxlt.
536 887 757 972 imperitasse,
780 895 905 951 cumei
928 965 931 972 Ι
960 891 1067 948 numis
1085 899 1119 950 et
1140 889 1358 953 marmoribus
1379 890 1572 974 frequenter
1594 890 1706 956 lauda·
1794 960 1798 969 ,

153 993 288 1058 aemulo
322 989 504 1056 Octaviano
528 988 665 1051 testibus
691 983 839 1070 Appiano
863 985 904 1068 ¹),
961 1001 1010 1064 ta,
1032 1007 1140 1071 neque
1163 991 1248 1054 ultra
1271 991 1354 1054 hunc
1371 990 1516 1072 adsurgit
1536 993 1705 1077 legionum

152 1111 187 1160 et
205 1093 329 1159 Oroaio
344 1091 377 1176 l³)
401 1089 570 1175 paruerint
584 1089 735 1172 legiones
749 1089 819 1150 xl..
834 1087 904 1171 plu·
961 1089 1524 1178 commortuumlegiollllllvl.,
1547 1117 1642 1182 quum
1663 1116 1706 1158 ex
1795 1149 1802 1160 .

150 1217 228 1271 rea,
259 1195 336 1280 quin
366 1205 401 1256 et
423 1193 551 1276 Lepido
581 1191 741 1284 ‘legiones
772 1191 905 1252 omnino
962 1188 1124 1258 Victorini
1149 1213 1249 1254 numo
1271 1193 1491 1278 promulgavit
1520 1195 1704 1260 Mediobar·
1798 1249 1805 1260 .

157 1301 251 1373 XX„
289 1295 353 1379 jum
393 1293 533 1358 diximus
572 1292 607 1356 in
642 1305 774 1356 moneta
793 1289 905 1374 bujus
962 1290 1042 1368 bus,
1065 1290 1150 1356 hand
1173 1293 1272 1357 dubie
1297 1293 1331 1356 in
1352 1293 1434 1356 falsa
1461 1293 1603 1362 lectione
1633 1295 1706 1357 niti·
1730 1285 1746 1372 f

154 1397 278 1463 lllsiri.
502 1389 505 1395 ’
598 1419 607 1436 ·
677 1411 684 1424 ’
963 1404 1036 1468 tur,
1065 1405 1183 1459 ut-auo
1202 1393 1449 1460 loco·indicavi.
1491 1395 1654 1460 Gruterus
1671 1413 1707 1461 et

219 1504 361 1564 Auctum
397 1495 499 1560 nimio
528 1493 697 1580 legionum
731 1480 906 1574 numerum
963 1493 1162 1558 Muratorius
1186 1495 1359 1580 aliquoties
1385 1495 1553 1577 legionem
1568 1497 1703 1567 XXXV.

156 1603 274 1688 cupitis
302 1599 398 1662 bellis
425 1597 575 1661 ciuilibus
606 1597 768 1660 contraxit
796 1597 907 1680 Augu·
963 1593 1126 1671 offerunt,
1157 1595 1217 1660 sed
1241 1617 1324 1683 quae
1341 1596 1450 1664 verius
1474 1597 1514 1660 ab
1532 1599 1640 1683 iniqua
1658 1601 1707 1662 in·

155 1719 239 1767 stus.
281 1699 398 1764 lielert
419 1701 483 1762 Dio
498 1699 537 1763 ad
553 1720 670 1764 annum
685 1703 726 1769 V.
743 1695 778 1766 C.
795 1701 858 1782 758
873 1697 903 1781 ο)
963 1697 1192 1781 terpuuctione
1229 1699 1414 1782 conscripta
1452 1697 1598 1776 videtur,
1637 1721 1707 1767 oer-
1812 1760 1816 1768 ,

155 1823 200 1868 eo
232 1783 384 1886 tempore
410 1801 562 1882 legiones
591 1802 709 1863 civium
732 1805 773 1864 ll.
803 1800 904 1862 luisse
964 1799 1049 1864 tiore
1071 1797 1215 1866 lectione
1234 1800 1339 1864 XXX.
1363 1801 1563 1885 V.‘nempe=
1598 1807 1706 1884 lera'a,
1760 1863 1763 1872 ,
1803 1854 1807 1862 .

155 1904 296 1980 xxiii,
335 1901 513 1966 secundum
545 1901 627 1965 aliur
656 1903 777 1978 ΧΠ,
806 1913 905 1984 atque
963 1898 1192 1966 velsimiliter.
1237 1901 1280 1963 Et
1296 1921 1375 1966 vcro
1391 1903 1599 1967 tricenarium
1617 1905 1707 1969 bunc
1801 1959 1804 1966 .

158 2023 202 2067 rx
228 2003 279 2067 bis
303 2025 359 2066 aua
386 2015 492 2066 aetate
516 2003 592 2084 (rub
615 2001 803 2066 Alexandro
827 2001 905 2065 Ser.
962 2001 1130 2086 legionum
1157 2021 1331 2066 nnmerum
1361 2003 1532 2068 confirmat
1560 2004 1707 2088 lepidum
1804 2063 1807 2072 ,

155 2107 354 2190 scripserat)
371 2103 573 2188 superfuisse
597 2103 683 2166 solat
700 2103 805 2179 xlx„
828 2121 906 2187 quas
962 2101 1117 2166 Favorini
1144 2101 1310 2187 sophistae
1335 2125 1545 2190 responsum,
1574 2107 1630 2192 qui
1655 2127 1709 2172 rc·

156 2207 318 2271 contiuuo
339 2219 519 2270 enumerat·
561 2205 718 2289 Reliquas
739 2205 785 2268 ait
803 2203 907 2287 legio·
963 2205 1147 2289 prehensus
1165 2203 1349 2282 absmicis,
1372 2209 1708 2290 quodnrrudenocu-
1802 2267 1804 2272 .

155 2329 218 2372 nes
253 2323 309 2372 aut
340 2307 437 2390 plane
467 2307 569 2370 fuitne
599 2307 742 2382 solutas,
778 2319 834 2370 aut
863 2302 905 2366 ob
962 2307 1033 2370 buli
1053 2306 1231 2390 cujuspiam
1249 2328 1311 2370 usn
1330 2307 1389 2372 lite
1408 2307 1707 2374 Hadrianocessis·
1774 2395 1775 2400 ἵ
1805 2367 1810 2378 ,

154 2411 231 2493 ipso
255 2411 318 2490 jesu
340 2411 489 2492 Augusto
516 2421 550 2470 et
567 2407 638 2471 aliis
653 2404 906 2494 imperatoribus
962 2423 1033 2486 aet,
1055 2409 1236 2486 correcte,
1257 2408 1377 2492 inquit,
1407 2415 1708 2492 rrsqdetirsoms'lr'a·
1815 2433 1823 2448 ·

154 2533 231 2577 cum
256 2511 329 2574 aliis
352 2509 538 2592 legionibus
567 2511 693 2572 mixtae.
738 2513 774 2571 ln
804 2508 906 2591 impe·
961 2533 1031 2588 res,
1055 2515 1111 2595 qui
1125 2513 1416 2590 uonpasims'rtime
1432 2515 1524 2574 illum
1535 2517 1708 2576 doctiorem

155 2630 307 2678 rarorum
324 2613 430 2674 nuruis
458 2610 547 2694 legio
571 2625 738 2693 postrema
753 2609 907 2694 proditur
961 2617 1106 2677 omnibus
1123 2616 1266 2686 credere,
1296 2615 1354 2696 qui
1368 2615 1465 2676 halet
1478 2615 1585 2676 XXX.
1606 2616 1706 2695 lopic-

154 2715 262 2778 xxti.
307 2712 453 2777 Subinde
467 2714 502 2774 in
516 2713 566 2774 bit
585 2733 760 2776 numerum
779 2725 906 2796 reptem
961 2713 1076 2797 uest).
1120 2713 1187 2776 Cur
1206 2709 1452 2792 uero'lrajonus
1468 2711 1635 2794 legionem
1655 2733 1710 2778 re·

155 2816 311 2903 proxime
350 2815 618 2898 consequentium
658 2814 764 2879 biatus
802 2833 906 2898 usque
965 2833 1043 2878 oeus
1072 2834 1089 2874 a
1117 2832 1153 2875 se
1184 2812 1402 2894 conscriptam
1431 2812 1631 2896 trigesimam
1654 2833 1710 2898 ap-

157 2917 200 2982 sd
226 2915 394 2999 legionem
416 2909 519 2981 XXX.
569 2913 657 3007 Ques
688 2913 812 2978 medies
840 2937 908 2981 me·
963 2913 1140 3001 pellaverit
1169 2913 1313 2990 omissis,
1346 2934 1428 2996 quos
1455 2913 1542 2991 «lixi,
1573 2934 1709 2996 praece·

155 3029 288 3079 morant
314 3037 495 3094 marmora,
525 3018 684 3080 medicam
710 3017 823 3100 utique
842 3039 907 3082 ma·
964 3015 1116 3080 dentibus
1134 3014 1292 3099 proxime.
1305 3013 1468 3092 numeria,
1490 3016 1524 3077 in
1543 3035 1638 3080 cauea
1659 3015 1710 3080 su·

158 3139 239 3180 num
268 3117 442 3200 postulant.
487 3118 626 3185 Vnicum
665 3139 739 3182 cum
771 3119 906 3204 legione
963 3117 1044 3194 erit,
1067 3119 1155 3201 quod
1173 3117 1341 3200 legiones,
1364 3137 1501 3201 quarum
1520 3115 1604 3181 duae
1627 3131 1709 3181 tres·

156 3219 277 3282 xxm.
309 3239 328 3282 e
365 3219 469 3280 Lario
487 3219 647 3304 *vulgavit
678 3222 839 3283 Gruterus
863 3221 907 3302 d),
963 3240 1004 3285 ve
1027 3205 1309 3282 eodem'nnmero
1328 3217 1586 3300 comprehensae
1602 3220 1708 3297 luere,

155 3321 291 3384 unicum
309 3319 905 3384 cnuLm.xx1111.GEtt.Mlm'.
964 3330 1114 3384 seorsum
1137 3318 1373 3384 adnumeravit.
1417 3319 1524 3416 ipsum
1543 3341 1624 3386 vero
1643 3321 1708 3403 jam

154 3423 351 3504 meme)
373 3423 484 3486 sedin
511 3444 577 3508 quo
593 3421 703 3484 serim
728 3421 906 3506 legendum
963 3427 1146 3504 Augustum
1170 3421 1290 3486 eodem
1311 3440 1450 3484 numero
1480 3423 1594 3506 plures
1624 3422 1710 3486 deai-

150 3521 260 3587 LEG.
274 3525 397 3600 llllll.,
419 3545 493 3587 nem
513 3521 607 3604 hujus
633 3535 722 3586 certe
741 3505 908 3606 cognomi·
963 3543 1080 3608 guasse
1091 3524 1255 3606 legiones,
1279 3525 1371 3588 testie
1387 3521 1572 3588 luculentus
1585 3525 1709 3608 estDio

154 3645 199 3687 na
225 3621 324 3687 suere
349 3631 486 3690 Gemina
507 3629 631 3686 Martia
650 3629 787 3688 Victrix.
830 3619 909 3691 Vni·
966 3625 1041 3688 loco
1060 3625 1209 3700 laudato,
1239 3645 1304 3710 quo
1322 3631 1503 3708 impetente
1524 3625 1584 3689 aab
1607 3625 1711 3710 sigule

154 3746 237 3790 cum
254 3723 395 3812 denique
414 3745 487 3789 com
510 3725 610 3787 LEG.
625 3725 742 3790 xxtx.
764 3723 801 3808 ί).
844 3727 910 3790 Ha·
965 3725 1068 3790 fuisse
1090 3741 1200 3790 narrat
1221 3749 1293 3807 egeo
1311 3739 1477 3808 caretro,
1502 3741 1568 3793 drea
1587 3734 1709 3808 tertios,
1774 3789 1778 3798 ,
1881 3695 1912 3741 ¹·

104 3921 108 3929 .
152 3847 232 3891 rum
271 3847 349 3890 eane
383 3827 505 3890 unllam
542 3825 669 3911 reperit
696 3828 908 3891 Muretorius.
966 3847 1106 3913 nempet
1149 3829 1333 3905 Gallicum,
1376 3829 1604 3915 Cyrenaicum,
1646 3834 1711 3894 Au·
1813 3871 1815 3878 ·

153 3926 261 4012 Aequi
290 3943 417 3993 coortat
455 3929 570 4004 etiam,
611 3947 705 4014 qnam
736 3927 843 4009 turpia
872 3929 905 3990 io
967 3943 1117 4012 gustam,
1153 3929 1232 3996 duas
1269 3943 1395 4009 restas,
1433 3927 1642 4010 Victricem,
1675 3943 1710 3994 et
1818 3997 1823 4008 ,

151 4030 307 4094 numeris
333 4031 526 4116 eloquendia
562 4029 730 4093 mendacia
760 4029 909 4095 effutiant
964 4032 1213 4116 Ferratametc.
1251 4032 1386 4096 Eodem
1404 4033 1617 4114 exemploex
1639 4051 1710 4095 suc·

151 4151 323 4196 marmora
359 4133 500 4216 vulgata.
550 4133 668 4199 Vtrum
699 4133 812 4194 lterum
851 4133 908 4196 ali·
965 4134 1151 4198 cessoribus
1170 4131 1273 4198 Galba
1296 4133 1434 4197 instituit
1458 4134 1596 4217 primam
1618 4132 1710 4215 adju·

150 4253 255 4320 quam
275 4241 339 4320 pe‘r
360 4237 581 4316 Augustorum
603 4233 776 4318 imperium
799 4233 909 4316 prodi·
965 4239 1101 4311 tricem,
1136 4236 1198 4299 etsi
1222 4233 1285 4315 jam
1308 4235 1409 4297 luerit
1431 4235 1536 4319 prima
1558 4233 1669 4297 italica
1689 4257 1710 4300 a
1818 4247 1828 4266 ’

150 4337 270 4400 derint
288 4335 485 4419 scriptores,
508 4334 676 4418 dubitem,
698 4355 806 4421 neque
822 4359 908 4403 nuuc
965 4343 1099 4402 Nerone
1126 4337 1308 4400 constituta.
1351 4335 1438 4404 Vide
1460 4334 1603 4446 reliques
1622 4333 1710 4419 apud

187 4577 224 4636 nt
243 4571 317 4631 Brll.
338 4573 396 4632 civ.
414 4574 446 4630 I..
457 4573 495 4634 V.
515 4593 580 4650 cap.
600 4583 645 4637 53.
724 4571 760 4649 b)
779 4530 961 4651 L.Vl..eap.
980 4584 1022 4648 to.
1103 4574 1134 4645 e)
1153 4571 1187 4631 b.
1206 4571 1373 4646 bil-§.tm
1456 4565 1493 4642 (l)
1511 4569 1578 4649 Peg.
1598 4577 1661 4635 472.
1680 4577 1707 4633 4.

146 4663 427 4744 0)P⁸8·11096·(t
499 4653 617 4742 OPag.
635 4667 701 4730 468.
721 4678 765 4727 t.‘
821 4668 854 4742 g)
874 4664 1027 4744 spartian.
1046 4661 1078 4721 iu
1093 4658 1262 4724 Hadriano.
1611 4707 1615 4713 .

1355 4749 1507 4846 Qec·
