4244 5484
407 534 482 604 „2
1029 507 1226 584 carto
1260 505 1329 582 IX.
1447 447 1467 608 ’κ

413 699 563 788 principa
577 707 704 760 narrat:
728 695 1159 773 Nttttdecerpattaacramm
1216 691 1370 779 propriae
1387 689 1532 754 inatituto
1552 685 1715 777 pontificia
1741 683 1841 749 alieni
1865 683 1964 750 diutia

415 807 577 888 uirginum
596 789 797 882 privilegiis,
821 788 974 858 'decreuit
1000 795 1161 858 notitiam
1217 795 1386 861 audiente·
1401 813 1473 860 erae
1493 803 1738 874 nonpoternnt,
1760 790 1874 874 quales
1892 786 1965 850 fua·

279 923 284 936 ·
415 907 617 978 noemmin,
638 901 793 963 Romania
806 897 1091 961 caerimoniiaaua
1108 913 1163 958 oo·
1217 919 1256 964 ra
1282 898 1453 983 Aegyptii,
1484 893 1610 970 ludaei,
1647 888 1968 978 denique-christia·
2101 897 2102 920 ¹

413 1009 694 1089 panitinapemna·
1024 1035 1031 1046 ·
1217 1001 1263 1068 ni.
1306 999 1476 1066 Contraria
1498 995 1650 1081 exempla
1678 1013 1745 1058 uon
1766 1007 1831 1056 tam
1850 990 1969 1058 ridan-

482 1104 630 1168 Tertium
648 1101 821 1166 Bimardua
846 1100 1022 1166 diarrimea
1039 1097 1074 1164 iu
1097 1118 1164 1162 am·
1218 1115 1273 1166 tur
1290 1099 1340 1183 jua
1357 1104 1576 1183 linguatorum
1591 1095 1792 1184 pontificium
1807 1093 1966 1179 probare,
2040 1155 2044 1168 ,

417 1207 526 1296 pliore
557 1203 720 1290 pontilicis
748 1203 887 1286 Augusti
917 1214 1078 1290 potralata
1106 1219 1169 1283 po··
1219 1223 1315 1289 qnam
1340 1201 1422 1284 juria
1446 1201 1599 1277 abusum,
1629 1200 1805 1282 Angustia,
1835 1211 1870 1262 et
1884 1215 1966 1282 pro-

418 1313 492 1376 auit.
535 1313 616 1374 Nam
637 1325 710 1372 uum
736 1306 884 1388 pontifex
911 1304 1068 1370 maximua
1090 1321 1162 1386 rep.
1219 1305 1398 1372 vincianam
1420 1303 1624 1389 praesidibus
1644 1301 1811 1386 paullatim
1828 1301 1885 1366 nix
1904 1297 1967 1362 ali-

418 1415 547 1496 integra
570 1427 637 1472 non
663 1419 751 1469 eaaet
775 1405 839 1468 niai
861 1425 1032 1494 aupramna
1052 1405 1165 1468 eonle·
1221 1431 1317 1494 quam
1337 1407 1543 1472 autonomiae
1562 1405 1711 1470 umbram
1732 1401 1897 1496 extraneia
1914 1399 1966 1462 iu·

420 1513 550 1598 giorum
567 1525 865 1590 anorumpraeaea,
887 1507 1072 1594 nequeuiai
1088 1527 1165 1572 eon·
1221 1509 1447 1595 dulgentibua',
1476 1528 1542 1592 quo
1566 1507 1609 1572 de
1626 1519 1818 1589 argumento
1843 1501 1966 1570 eodem

419 1611 514 1678 aultia
530 1609 808 1694 biapoaaetlerre
825 1609 1037 1688 sententiam,
1059 1609 1169 1693 ponti·
1220 1613 1297 1678 loco
1313 1611 1477 1699 eopioaiua
1498 1610 1651 1675 materni.
1694 1605 1885 1672 Generatim
1902 1605 1989 1668 'l'a-.

418 1713 476 1778 lex
490 1735 575 1778 max.
587 1716 750 1793 Augusta·
767 1711 818 1774 laia
830 1711 986 1776 limitibna
1001 1713 1164 1778 coercitae
1221 1717 1304 1782 eitun
1326 1727 1449 1778 tautum
1471 1717 1600 1778 Italieia
1627 1718 1663 1776 in
1687 1714 1813 1792 oppidio
1831 1719 1966 1772 cunetae

419 1836 487 1880 uon
513 1815 592 1892 init,
623 1811 680 1876 aed
703 1813 924 1897 prourbitriu
952 1813 1003 1896 jue
1035 1835 1163 1878 anorum
1221 1809 1966 1906 caertm'ontaa,tenp1aqaa,‘aruumtnmf·

420 1931 471 1981 eat
498 1918 754 2004 iuterpretatur,
790 1928 980 1999 tantumque
1013 1917 1164 2002 permiait
1216 1923 1309 2002 fipiaa
1331 1922 1424 1998 juria
1453 1928 1550 2003 atque
1580 1919 1708 1999 imperii
1736 1918 1776 1984 B,
1809 1931 1879 1976 erra
1908 1909 1966 1974 do·

420 2019 599 2103 conlegiia,
628 2033 783 2105 quantum
818 2017 890 2101 ipae
927 2015 1049 2097 voluit,
1080 2039 1163 2102 quae
1222 2022 1346 2104 univ).

416 2121 473 2186 lex
494 2143 557 2206 pru
592 2122 679 2188 varia
700 2116 857 2205 principia
888 2139 947 2184 aen
976 2117 1164 2196 ambitione,

418 2245 478 2288 aea
499 2224 724 2302 moderatione
748 2223 835 2290 varia
856 2219 928 2285 fuit.
970 2221 1056 2292 Vide
1078 2219 1165 2305 apud
1548 2225 1576 2300 5.
1598 2222 1638 2286 11.
1725 2271 1772 2319 5

416 2339 585 2390 auctorem
605 2326 777 2408 complura
794 2323 828 2386 iu
844 2338 1015 2410 utramque
1034 2337 1163 2408 partem

416 2427 583 2510 exempla.
614 2487 617 2499 ,
1221 2437 1291 2512 Quo
1313 2440 1452 2511 tempora
1469 2427 1677 2512 pontificatur
1696 2429 1861 2490 oronim
1883 2443 1966 2488 coat-

481 2533 518 2592 ln
547 2543 664 2614 quarto
702 2522 889 2590 diaorimino
929 2541 1037 2613 putat,
1074 2528 1164 2614 qnod
1220 2535 1381 2596 maican·
1396 2531 1787 2608 compluribaaroupen't,
1809 2537 1967 2592 amaa
2101 2557 2102 2610 t

416 2630 497 2696 olim
521 2631 696 2696 auetoritaa
720 2629 883 2714 pontificia
906 2651 991 2695 maa.
1017 2631 1087 2694 aula
1109 2653 1165 2696 nr·
1397 2635 1497 2700 ettam
1511 2651 1582 2696 cam
1599 2631 1798 2696 Caeamdua.

416 2734 459 2798 be
490 2733 613 2809 Romu,
643 2746 676 2797 et
707 2733 875 2816 adjacente
903 2751 983 2815 agro
1015 2731 1164 2798 rideatur

417 2833 519 2900 luiaae
538 2833 687 2912 delinita,
709 2847 742 2897 at
762 2821 919 2919 deincepa
936 2833 1163 2910 eoademeum
1283 2837 1391 2902 Nemo
1413 2830 1571 2900 bantenda
1590 2832 1669 2910 luit,
1697 2832 1755 2917 qui
1775 2829 1810 2894 iu
1830 2827 1966 2898 dubium

416 2937 559 3021 imperio
589 2936 741 3000 babuiaae
769 2936 862 3002 b'nea.
906 2938 1031 3004 Verum
1057 2944 1164 3021 paiaca
1220 2951 1378 3024 voearet,
1409 2937 1497 3003 aalva
1520 2935 1689 3020 republica
1717 2955 1818 3001 unum
1841 2943 1966 3000 taurum

417 3037 587 3121 exempla,
624 3059 708 3124 quau
739 3039 802 3104 boe
833 3037 910 3102 loeo
941 3037 1067 3116 adfert,
1096 3059 1163 3104 uon
1219 3039 1423 3128 pontificatui
1458 3037 1600 3104 maximo
1631 3036 1824 3120 praeiuiaaa.
1868 3040 1968 3101 Tem·

416 3143 494 3206 antia
516 3140 602 3204 iatud
623 3139 800 3212 arabiliunt.
843 3141 959 3225 Neque
988 3139 1075 3212 euim
1098 3142 1166 3210 exi.
1220 3141 1559 3246 poreffimperatorum
1582 3139 1624 3204 ab
1645 3140 1710 3204 hue
1730 3139 1880 3203 inatitutu
1903 3137 1967 3201 dia·

335 3299 341 3310 .
417 3245 533 3322 atimo,
555 3242 695 3310 valuiaae
712 3243 783 3326 ajna
800 3255 994 3326 potaatatem
1018 3243 1113 3308 etiam
1128 3245 1161 3306 iu
1220 3265 1348 3310 oeaantn
1367 3257 1435 3320 eat,
1457 3256 1491 3308 at
1512 3240 1658 3326 qnando,
1690 3241 1815 3306 variant
1835 3253 1967 3306 aenton-

351 3343 355 3348 ’
417 3347 584 3424 eivitatea,
606 3345 723 3431 quibua
743 3363 785 3408 ex
811 3357 924 3410 vetere
948 3345 1096 3410 inatituto
1118 3345 1166 3410 le·
1220 3349 1296 3411 tiae.
1360 3345 1434 3415 Viri
1476 3345 1574 3431 primi
1622 3343 1656 3406 in
1699 3343 1835 3406 biatoria
1878 3343 1969 3407 eriti-

418 3449 515 3531 gibua
538 3448 604 3523 auia
617 3447 730 3513 vivere
751 3446 870 3510 eollata
890 3449 1076 3511 autonomia
1091 3467 1165 3531 per·
1221 3470 1260 3514 ea
1281 3445 1445 3526 aubaellii,
1475 3448 1612 3521 Boaina,
1645 3443 1812 3522 Horisius,
1832 3445 1966 3530 Pagina,

417 3549 553 3613 mianum
571 3548 643 3612 luit.
687 3548 1167 3632 Legimua,'1'rajaunmeon·
1222 3549 1471 3628 Tillemontina,
1503 3547 1738 3634 Spanbeuaina,
1759 3545 1968 3626 Vaill'antiaa,
2099 3591 2100 3622 3

418 3649 540 3715 autenti
569 3649 604 3708 iu
634 3667 729 3712 enuaa
758 3647 971 3714 dedicationis
999 3652 1108 3715 Plinio
1130 3653 1163 3714 iu
1220 3651 1460 3716 Buonarrotiua
1490 3654 1524 3712 iu
1556 3670 1598 3715 eo
1631 3647 1818 3732 eunapiraut
1839 3669 1968 3728 omnen,

416 3749 501 3814 bane
526 3747 627 3813 verba·
648 3749 860 3831 reapondiaae
876 3751 923 3833 ·):
952 3757 1055 3816 aulam
1073 3773 1165 3834 pore·
1220 3751 1345 3838 primur
1364 3751 1555 3830 Balbinum,
1578 3764 1612 3814 et
1635 3751 1818 3835 Pupienum
1835 3773 1901 3817 uua
1917 3753 1966 3815 fu·

416 3857 534 3936 priene
545 3853 690 3914 atalanta
704 3871 814 3929 capua·
825 3873 889 3915 uota
904 3873 973 3916 aare
990 3857 1165 3919 dadtcatto·
1220 3856 1286 3920 inae
1306 3854 1479 3940 pontilioea
1508 3852 1678 3944 maximoe.
1720 3855 1764 3917 At
1788 3853 1886 3919 fuere
1909 3855 1969 3918 eti·

417 3958 490 4031 raia,
512 3955 639 4038 qaeefit
653 3957 856 4032 anatrojora.
898 3953 1066 4036 Agebatur
1080 3975 1163 4020 vero
1221 3975 1292 4036 aaa,
1327 3959 1383 4042 qui
1413 3969 1543 4040 tempua
1575 3969 1843 4040 praeverterent,
1883 3975 1967 4040 quoa

417 4075 514 4122 eauaa
526 4049 739 4118 Nicomediae
757 4051 939 4134 Bithyniae.
969 4057 1012 4120 At
1029 4057 1163 4120 numine
1221 4071 1393 4123 enumerat
1419 4057 1631 4124 Maaaulauua
1647 4055 1699 4140 d),
1733 4055 1790 4142 qui
1808 4056 1968 4122 adaerere
2098 4047 2099 4072 ¹

418 4159 773 4246 duitabnperaprinee
792 4155 934 4242 intelligi
957 4175 1048 4236 eam,
1078 4179 1162 4246 quae
1219 4181 1287 4224 nou
1312 4159 1519 4240 dubitabant,
1548 4162 1765 4245 imperatorer
1783 4178 1900 4224 omuea
1926 4179 1968 4224 eo

416 4257 548 4342 lagibua
576 4257 643 4321 ania
670 4257 794 4337 utitur,
823 4259 902 4322 alibi
933 4257 1093 4344 diaputavi
1115 4259 1162 4344 b).
1219 4261 1310 4348 ipae,
1345 4261 1434 4346 quod
1462 4261 1503 4326 ad
1534 4261 1708 4346 imparium
1737 4261 1834 4326 anniti
1861 4275 1968 4340 eraut,

418 4359 570 4435 Accedit,
600 4359 704 4424 iuiaaa
725 4380 788 4442 per
807 4359 980 4445 imparium
1011 4364 1162 4447 populor,
1218 4363 1392 4449 pontilioaa
1409 4383 1494 4430 max.
1514 4363 1675 4443 eraaiaae,
1702 4383 1745 4427 er
1761 4383 1828 4448 quo
1848 4383 1968 4450 aeque·

418 4470 473 4522 aut
505 4479 622 4528 eornm
650 4475 796 4544 partem,
834 4463 891 4549 qai
920 4483 962 4530 ex
991 4461 1163 4550 religionia
1218 4478 1329 4544 retur,
1356 4463 1421 4551 jam
1451 4465 1582 4545 Titum,
1612 4467 1804 4551 Traianum,
1836 4465 1878 4532 L.
1900 4463 1986 4536 vg:
2097 4469 2098 4545 ξ

415 4593 1951 4634 *nanum—m*

451 4681 753 4761 ⁸)1⁴·X·0pi³t·59·
826 4689 860 4766 b)
877 4689 1174 4772 VoLIV..deurbb,
1192 4703 1294 4758 auten,
1312 4711 1344 4773 p.
1362 4705 1427 4762 270.
1500 4699 1530 4767 e)
1549 4693 1631 4756 Anu.
1650 4693 1703 4756 tu.
1720 4706 1764 4762 71.
1840 4687 1874 4768 d)
1893 4693 1967 4752 Ani·

414 4767 514 4831 raadr·
532 4770 583 4833 lll.
601 4791 669 4852 pag.
682 4785 733 4874 55.1
1364 4835 1369 4846 ,
1561 4779 1563 4787 “
