<?xml version="1.0" encoding="UTF-8"?>
<!DOCTYPE html PUBLIC "-//W3C//DTD XHTML 1.0 Transitional//EN"
    "http://www.w3.org/TR/xhtml1/DTD/xhtml1-transitional.dtd">
<html xmlns="http://www.w3.org/1999/xhtml" xml:lang="en" lang="en">
 <head>
  <title>
</title>
<meta http-equiv="Content-Type" content="text/html;charset=utf-8" />
  <meta name='ocr-system' content='tesseract 3.04.00' />
  <meta name='ocr-capabilities' content='ocr_page ocr_carea ocr_par ocr_line ocrx_word'/>
</head>
<body>
  <div class='ocr_page' id='page_1' title='image "./doctrinanumorum01hohlgoog/doctrinanumorum01hohlgoog_0623.png"; bbox 0 0 4226 5500; ppageno 0'>
   <div class='ocr_carea' id='block_1_1' title="bbox 415 581 1423 673">
    <p class='ocr_par' dir='ltr' id='par_1_1' title="bbox 415 581 1423 673">
     <span class='ocr_line' id='line_1_1' title="bbox 415 581 1423 673; baseline -0.006 -13"><span class='ocrx_word' id='word_1_1' title='bbox 415 610 461 673; x_wconf 67' lang='lat' dir='ltr'><strong>an</strong></span> <span class='ocrx_word' id='word_1_2' title='bbox 998 581 1423 658; x_wconf 76' lang='lat' dir='ltr'><strong>annctttnn.</strong></span> 
     </span>
    </p>
   </div>
   <div class='ocr_carea' id='block_1_2' title="bbox 409 749 1963 1048">
    <p class='ocr_par' dir='ltr' id='par_1_2' title="bbox 409 749 1963 1048">
     <span class='ocr_line' id='line_1_2' title="bbox 410 749 1961 838; baseline -0.008 -11"><span class='ocrx_word' id='word_1_3' title='bbox 410 761 526 838; x_wconf 81' lang='lat' dir='ltr'><strong>tentia,</strong></span> <span class='ocrx_word' id='word_1_4' title='bbox 545 778 585 824; x_wconf 85' lang='lat' dir='ltr'><strong>ex</strong></span> <span class='ocrx_word' id='word_1_5' title='bbox 603 755 709 826; x_wconf 80' lang='lat' dir='ltr'><strong>nansia</strong></span> <span class='ocrx_word' id='word_1_6' title='bbox 723 751 889 830; x_wconf 82' lang='lat' dir='ltr'><strong>omnibus,</strong></span> <span class='ocrx_word' id='word_1_7' title='bbox 906 751 961 837; x_wconf 87' lang='lat' dir='ltr'><strong>qui</strong></span> <span class='ocrx_word' id='word_1_8' title='bbox 974 751 1016 816; x_wconf 89' lang='lat' dir='ltr'><strong>ad</strong></span> <span class='ocrx_word' id='word_1_9' title='bbox 1029 753 1157 820; x_wconf 87' lang='lat' dir='ltr'><strong>Britan·</strong></span> <span class='ocrx_word' id='word_1_10' title='bbox 1213 752 1349 817; x_wconf 83' lang='lat' dir='ltr'><strong>tannicis</strong></span> <span class='ocrx_word' id='word_1_11' title='bbox 1367 749 1511 816; x_wconf 85' lang='lat' dir='ltr'><strong>Gallicos</strong></span> <span class='ocrx_word' id='word_1_12' title='bbox 1532 749 1862 827; x_wconf 65' lang='lat' dir='ltr'><strong>altrinsecarum</strong></span> <span class='ocrx_word' id='word_1_13' title='bbox 1880 753 1961 818; x_wconf 79' lang='lat' dir='ltr'><strong>reti-</strong></span> 
     </span>
     <span class='ocr_line' id='line_1_3' title="bbox 409 849 1859 946; baseline -0.008 -20"><span class='ocrx_word' id='word_1_14' title='bbox 409 863 482 928; x_wconf 86' lang='lat' dir='ltr'><strong>niae</strong></span> <span class='ocrx_word' id='word_1_15' title='bbox 501 880 600 946; x_wconf 82' lang='lat' dir='ltr'><strong>reges</strong></span> <span class='ocrx_word' id='word_1_16' title='bbox 618 857 741 922; x_wconf 84' lang='lat' dir='ltr'><strong>referri</strong></span> <span class='ocrx_word' id='word_1_17' title='bbox 759 857 883 932; x_wconf 88' lang='lat' dir='ltr'><strong>solent,</strong></span> <span class='ocrx_word' id='word_1_18' title='bbox 904 857 967 918; x_wconf 76' lang='lat' dir='ltr'><strong>hos</strong></span> <span class='ocrx_word' id='word_1_19' title='bbox 992 873 1065 918; x_wconf 85' lang='lat' dir='ltr'><strong>osse</strong></span> <span class='ocrx_word' id='word_1_20' title='bbox 1082 855 1158 918; x_wconf 82' lang='lat' dir='ltr'><strong>nni·</strong></span> <span class='ocrx_word' id='word_1_21' title='bbox 1214 855 1291 920; x_wconf 87' lang='lat' dir='ltr'><strong>cuit.</strong></span> <span class='ocrx_word' id='word_1_22' title='bbox 1314 854 1432 936; x_wconf 86' lang='lat' dir='ltr'><strong>(Class.</strong></span> <span class='ocrx_word' id='word_1_23' title='bbox 1448 849 1593 936; x_wconf 77' lang='lat' dir='ltr'><strong>ge&#39;ndral.</strong></span> <span class='ocrx_word' id='word_1_24' title='bbox 1610 855 1700 920; x_wconf 86' lang='lat' dir='ltr'><strong>P.11.</strong></span> <span class='ocrx_word' id='word_1_25' title='bbox 1719 875 1752 938; x_wconf 92' lang='lat' dir='ltr'><strong>p.</strong></span> <span class='ocrx_word' id='word_1_26' title='bbox 1768 855 1817 938; x_wconf 77' lang='grc'><strong>3.)</strong></span> <span class='ocrx_word' id='word_1_27' title='bbox 1856 864 1859 868; x_wconf 86' lang='grc'><strong>’</strong></span> 
     </span>
     <span class='ocr_line' id='line_1_4' title="bbox 411 955 1963 1048; baseline -0.008 -19"><span class='ocrx_word' id='word_1_28' title='bbox 411 986 487 1042; x_wconf 88' lang='lat' dir='ltr'><strong>cos,</strong></span> <span class='ocrx_word' id='word_1_29' title='bbox 510 963 552 1026; x_wconf 88' lang='lat' dir='ltr'><strong>de</strong></span> <span class='ocrx_word' id='word_1_30' title='bbox 569 959 686 1048; x_wconf 81' lang='lat' dir='ltr'><strong>quibus</strong></span> <span class='ocrx_word' id='word_1_31' title='bbox 700 957 788 1022; x_wconf 86' lang='lat' dir='ltr'><strong>istud</strong></span> <span class='ocrx_word' id='word_1_32' title='bbox 805 971 896 1022; x_wconf 89' lang='lat' dir='ltr'><strong>certa</strong></span> <span class='ocrx_word' id='word_1_33' title='bbox 909 957 975 1019; x_wconf 86' lang='lat' dir='ltr'><strong>lide</strong></span> <span class='ocrx_word' id='word_1_34' title='bbox 994 955 1158 1020; x_wconf 84' lang='lat' dir='ltr'><strong>adfirmari</strong></span> <span class='ocrx_word' id='word_1_35' title='bbox 1278 957 1362 1040; x_wconf 67' lang='lat' dir='ltr'><strong>&#39;rypi</strong></span> <span class='ocrx_word' id='word_1_36' title='bbox 1374 957 1412 1017; x_wconf 83' lang='lat' dir='ltr'><strong>in</strong></span> <span class='ocrx_word' id='word_1_37' title='bbox 1426 955 1477 1018; x_wconf 85' lang='lat' dir='ltr'><strong>his</strong></span> <span class='ocrx_word' id='word_1_38' title='bbox 1493 957 1616 1033; x_wconf 84' lang='lat' dir='ltr'><strong>nnmis,</strong></span> <span class='ocrx_word' id='word_1_39' title='bbox 1634 955 1723 1040; x_wconf 81' lang='lat' dir='ltr'><strong>qnod</strong></span> <span class='ocrx_word' id='word_1_40' title='bbox 1735 956 1963 1030; x_wconf 83' lang='lat' dir='ltr'><strong>barbarorum,</strong></span> 
     </span>
    </p>
   </div>
   <div class='ocr_carea' id='block_1_3' title="bbox 409 1055 1964 1152">
    <p class='ocr_par' dir='ltr' id='par_1_3' title="bbox 409 1055 1964 1152">
     <span class='ocr_line' id='line_1_5' title="bbox 409 1055 1964 1152; baseline -0.007 -21"><span class='ocrx_word' id='word_1_41' title='bbox 409 1067 523 1152; x_wconf 86' lang='lat' dir='ltr'><strong>possit.</strong></span> <span class='ocrx_word' id='word_1_42' title='bbox 540 1067 657 1148; x_wconf 84' lang='lat' dir='ltr'><strong>(Essay</strong></span> <span class='ocrx_word' id='word_1_43' title='bbox 676 1061 751 1130; x_wconf 89' lang='lat' dir='ltr'><strong>Vol.</strong></span> <span class='ocrx_word' id='word_1_44' title='bbox 762 1063 801 1126; x_wconf 83' lang='lat' dir='ltr'><strong>ll.</strong></span> <span class='ocrx_word' id='word_1_45' title='bbox 817 1083 851 1146; x_wconf 92' lang='lat' dir='ltr'><strong>p.</strong></span> <span class='ocrx_word' id='word_1_46' title='bbox 864 1059 952 1142; x_wconf 71' lang='lat'><strong>255.)</strong></span> <span class='ocrx_word' id='word_1_47' title='bbox 972 1061 1096 1122; x_wconf 85' lang='lat' dir='ltr'><strong>Tamen</strong></span> <span class='ocrx_word' id='word_1_48' title='bbox 1112 1057 1161 1123; x_wconf 68' lang='lat' dir='ltr'><strong>vi*</strong></span> <span class='ocrx_word' id='word_1_49' title='bbox 1188 1099 1191 1108; x_wconf 89' lang='lat'><strong>.</strong></span> <span class='ocrx_word' id='word_1_50' title='bbox 1215 1057 1316 1120; x_wconf 82' lang='lat' dir='ltr'><strong>inisse</strong></span> <span class='ocrx_word' id='word_1_51' title='bbox 1332 1059 1501 1142; x_wconf 84' lang='lat' dir='ltr'><strong>proprium</strong></span> <span class='ocrx_word' id='word_1_52' title='bbox 1517 1057 1595 1121; x_wconf 86' lang='lat' dir='ltr'><strong>alibi</strong></span> <span class='ocrx_word' id='word_1_53' title='bbox 1610 1055 1767 1135; x_wconf 84' lang='lat' dir='ltr'><strong>diximus,</strong></span> <span class='ocrx_word' id='word_1_54' title='bbox 1781 1059 1872 1142; x_wconf 86' lang='lat' dir='ltr'><strong>capti</strong></span> <span class='ocrx_word' id='word_1_55' title='bbox 1887 1071 1964 1122; x_wconf 84' lang='lat' dir='ltr'><strong>sant</strong></span> 
     </span>
    </p>
   </div>
   <div class='ocr_carea' id='block_1_4' title="bbox 314 1158 1963 4899">
    <p class='ocr_par' dir='ltr' id='par_1_4' title="bbox 407 1158 1963 1658">
     <span class='ocr_line' id='line_1_6' title="bbox 410 1158 1963 1246; baseline -0.005 -14"><span class='ocrx_word' id='word_1_56' title='bbox 410 1168 486 1246; x_wconf 89' lang='lat' dir='ltr'><strong>deo,</strong></span> <span class='ocrx_word' id='word_1_57' title='bbox 501 1187 568 1230; x_wconf 89' lang='lat' dir='ltr'><strong>non</strong></span> <span class='ocrx_word' id='word_1_58' title='bbox 586 1163 734 1228; x_wconf 89' lang='lat' dir='ltr'><strong>omnibus</strong></span> <span class='ocrx_word' id='word_1_59' title='bbox 748 1161 834 1224; x_wconf 84' lang='lat' dir='ltr'><strong>istud</strong></span> <span class='ocrx_word' id='word_1_60' title='bbox 847 1160 947 1224; x_wconf 81' lang='lat' dir='ltr'><strong>fuisse</strong></span> <span class='ocrx_word' id='word_1_61' title='bbox 965 1179 1068 1245; x_wconf 88' lang='lat' dir='ltr'><strong>aeque</strong></span> <span class='ocrx_word' id='word_1_62' title='bbox 1084 1181 1160 1243; x_wconf 65' lang='lat' dir='ltr'><strong>pen</strong></span> <span class='ocrx_word' id='word_1_63' title='bbox 1216 1179 1258 1224; x_wconf 81' lang='lat' dir='ltr'><strong>ex</strong></span> <span class='ocrx_word' id='word_1_64' title='bbox 1280 1171 1412 1222; x_wconf 84' lang='lat' dir='ltr'><strong>moneta</strong></span> <span class='ocrx_word' id='word_1_65' title='bbox 1432 1158 1652 1236; x_wconf 79' lang='lat' dir='ltr'><strong>Graecorum,</strong></span> <span class='ocrx_word' id='word_1_66' title='bbox 1674 1172 1709 1222; x_wconf 86' lang='lat' dir='ltr'><strong>et</strong></span> <span class='ocrx_word' id='word_1_67' title='bbox 1725 1160 1963 1234; x_wconf 80' lang='lat' dir='ltr'><strong>Romanorum,</strong></span> 
     </span>
     <span class='ocr_line' id='line_1_7' title="bbox 410 1259 1963 1346; baseline -0.006 -13"><span class='ocrx_word' id='word_1_68' title='bbox 410 1291 551 1334; x_wconf 81' lang='lat' dir='ltr'><strong>suasum.</strong></span> <span class='ocrx_word' id='word_1_69' title='bbox 566 1267 684 1328; x_wconf 84' lang='lat' dir='ltr'><strong>Plures</strong></span> <span class='ocrx_word' id='word_1_70' title='bbox 695 1263 817 1328; x_wconf 83' lang='lat' dir='ltr'><strong>similes</strong></span> <span class='ocrx_word' id='word_1_71' title='bbox 828 1277 941 1326; x_wconf 87' lang='lat' dir='ltr'><strong>auctor</strong></span> <span class='ocrx_word' id='word_1_72' title='bbox 950 1261 1158 1326; x_wconf 83' lang='lat' dir='ltr'><strong>maseiPcm-</strong></span> <span class='ocrx_word' id='word_1_73' title='bbox 1214 1261 1307 1324; x_wconf 86' lang='lat' dir='ltr'><strong>nollo</strong></span> <span class='ocrx_word' id='word_1_74' title='bbox 1330 1283 1407 1324; x_wconf 82' lang='lat' dir='ltr'><strong>sana</strong></span> <span class='ocrx_word' id='word_1_75' title='bbox 1426 1259 1467 1322; x_wconf 92' lang='lat' dir='ltr'><strong>ad</strong></span> <span class='ocrx_word' id='word_1_76' title='bbox 1483 1259 1648 1324; x_wconf 83' lang='lat' dir='ltr'><strong>certiores</strong></span> <span class='ocrx_word' id='word_1_77' title='bbox 1667 1259 1709 1324; x_wconf 88' lang='lat' dir='ltr'><strong>de</strong></span> <span class='ocrx_word' id='word_1_78' title='bbox 1721 1261 1779 1324; x_wconf 77' lang='lat' dir='ltr'><strong>isis</strong></span> <span class='ocrx_word' id='word_1_79' title='bbox 1791 1263 1963 1346; x_wconf 84' lang='lat' dir='ltr'><strong>conjectu·</strong></span> 
     </span>
     <span class='ocr_line' id='line_1_8' title="bbox 407 1361 1442 1452; baseline -0.008 -18"><span class='ocrx_word' id='word_1_80' title='bbox 407 1371 577 1436; x_wconf 83' lang='lat' dir='ltr'><strong>brnclsiani</strong></span> <span class='ocrx_word' id='word_1_81' title='bbox 595 1365 761 1452; x_wconf 70' lang='lat' dir='ltr'>congessit</span> <span class='ocrx_word' id='word_1_82' title='bbox 780 1365 814 1427; x_wconf 94' lang='lat' dir='ltr'><strong>in</strong></span> <span class='ocrx_word' id='word_1_83' title='bbox 831 1365 971 1428; x_wconf 84' lang='lat' dir='ltr'><strong>tabulam</strong></span> <span class='ocrx_word' id='word_1_84' title='bbox 992 1373 1034 1446; x_wconf 67' lang='lat' dir='ltr'><strong>qn</strong></span> <span class='ocrx_word' id='word_1_85' title='bbox 1050 1364 1157 1426; x_wconf 84' lang='lat' dir='ltr'><strong>Partis</strong></span> <span class='ocrx_word' id='word_1_86' title='bbox 1215 1384 1267 1426; x_wconf 84' lang='lat' dir='ltr'><strong>ras</strong></span> <span class='ocrx_word' id='word_1_87' title='bbox 1285 1361 1442 1426; x_wconf 88' lang='lat' dir='ltr'><strong>subsidio.</strong></span> 
     </span>
     <span class='ocr_line' id='line_1_9' title="bbox 407 1463 1962 1557; baseline -0.005 -22"><span class='ocrx_word' id='word_1_88' title='bbox 407 1469 589 1548; x_wconf 85' lang='lat' dir='ltr'><strong>secundae,</strong></span> <span class='ocrx_word' id='word_1_89' title='bbox 606 1469 665 1534; x_wconf 89' lang='lat' dir='ltr'><strong>sed</strong></span> <span class='ocrx_word' id='word_1_90' title='bbox 680 1489 795 1531; x_wconf 86' lang='lat' dir='ltr'><strong>numos</strong></span> <span class='ocrx_word' id='word_1_91' title='bbox 815 1487 887 1531; x_wconf 86' lang='lat' dir='ltr'><strong>csse</strong></span> <span class='ocrx_word' id='word_1_92' title='bbox 905 1467 1048 1530; x_wconf 76' lang='lat' dir='ltr'>Celticos</span> <span class='ocrx_word' id='word_1_93' title='bbox 1065 1465 1157 1543; x_wconf 78' lang='lat' dir='ltr'><strong>dixit,</strong></span> <span class='ocrx_word' id='word_1_94' title='bbox 1277 1465 1328 1527; x_wconf 86' lang='lat' dir='ltr'><strong>Da</strong></span> <span class='ocrx_word' id='word_1_95' title='bbox 1342 1463 1505 1557; x_wconf 80' lang='lat' dir='ltr'><strong>inscriptis</strong></span> <span class='ocrx_word' id='word_1_96' title='bbox 1516 1463 1701 1528; x_wconf 78' lang='lat' dir='ltr'><strong>nominihus</strong></span> <span class='ocrx_word' id='word_1_97' title='bbox 1716 1463 1787 1530; x_wconf 81' lang='lat' dir='ltr'><strong>aliis</strong></span> <span class='ocrx_word' id='word_1_98' title='bbox 1803 1467 1962 1530; x_wconf 84' lang='lat' dir='ltr'><strong>nonnulla</strong></span> 
     </span>
     <span class='ocr_line' id='line_1_10' title="bbox 407 1565 1660 1658; baseline -0.008 -20"><span class='ocrx_word' id='word_1_99' title='bbox 407 1589 442 1638; x_wconf 88' lang='lat' dir='ltr'><strong>et</strong></span> <span class='ocrx_word' id='word_1_100' title='bbox 459 1572 547 1658; x_wconf 87' lang='lat' dir='ltr'><strong>quod</strong></span> <span class='ocrx_word' id='word_1_101' title='bbox 562 1571 665 1657; x_wconf 75' lang='lat' dir='ltr'><strong>magis</strong></span> <span class='ocrx_word' id='word_1_102' title='bbox 684 1570 819 1647; x_wconf 82' lang='lat' dir='ltr'><strong>miram,</strong></span> <span class='ocrx_word' id='word_1_103' title='bbox 838 1568 995 1632; x_wconf 81' lang='lat' dir='ltr'><strong>lluctnant</strong></span> <span class='ocrx_word' id='word_1_104' title='bbox 1012 1567 1073 1651; x_wconf 87' lang='lat' dir='ltr'><strong>ipsi</strong></span> <span class='ocrx_word' id='word_1_105' title='bbox 1083 1567 1158 1632; x_wconf 85' lang='lat' dir='ltr'><strong>Wi·</strong></span> <span class='ocrx_word' id='word_1_106' title='bbox 1214 1565 1300 1648; x_wconf 73' lang='lat' dir='ltr'><strong>inira</strong></span> <span class='ocrx_word' id='word_1_107' title='bbox 1318 1565 1533 1631; x_wconf 86' lang='lat' dir='ltr'><strong>monebimus.</strong></span> <span class='ocrx_word' id='word_1_108' title='bbox 1654 1617 1660 1628; x_wconf 87' lang='lat'><strong>.</strong></span> 
     </span>
    </p>

    <p class='ocr_par' dir='ltr' id='par_1_5' title="bbox 407 1669 1159 1756">
     <span class='ocr_line' id='line_1_11' title="bbox 407 1669 1159 1756; baseline -0.011 -18"><span class='ocrx_word' id='word_1_109' title='bbox 407 1673 473 1738; x_wconf 86' lang='lat' dir='ltr'><strong>sins</strong></span> <span class='ocrx_word' id='word_1_110' title='bbox 493 1671 778 1750; x_wconf 63' lang='lat' dir='ltr'><strong>attulerimus,</strong></span> <span class='ocrx_word' id='word_1_111' title='bbox 807 1671 955 1756; x_wconf 84' lang='lat' dir='ltr'><strong>quiesse</strong></span> <span class='ocrx_word' id='word_1_112' title='bbox 976 1688 1033 1734; x_wconf 85' lang='lat' dir='ltr'><strong>eos</strong></span> <span class='ocrx_word' id='word_1_113' title='bbox 1052 1669 1159 1732; x_wconf 84' lang='lat' dir='ltr'><strong>Cano·</strong></span> 
     </span>
    </p>

    <p class='ocr_par' dir='ltr' id='par_1_6' title="bbox 406 1771 1160 1854">
     <span class='ocr_line' id='line_1_12' title="bbox 406 1771 1160 1854; baseline -0.005 -16"><span class='ocrx_word' id='word_1_114' title='bbox 406 1775 511 1840; x_wconf 85' lang='lat' dir='ltr'><strong>belini</strong></span> <span class='ocrx_word' id='word_1_115' title='bbox 529 1773 577 1837; x_wconf 88' lang='lat' dir='ltr'><strong>sni</strong></span> <span class='ocrx_word' id='word_1_116' title='bbox 596 1787 690 1838; x_wconf 87' lang='lat' dir='ltr'><strong>antea</strong></span> <span class='ocrx_word' id='word_1_117' title='bbox 707 1773 829 1836; x_wconf 85' lang='lat' dir='ltr'><strong>diserte</strong></span> <span class='ocrx_word' id='word_1_118' title='bbox 847 1771 1005 1837; x_wconf 83' lang='lat' dir='ltr'><strong>docuere.</strong></span> <span class='ocrx_word' id='word_1_119' title='bbox 1032 1771 1160 1854; x_wconf 80' lang='lat' dir='ltr'><strong>Quidni</strong></span> 
     </span>
    </p>

    <p class='ocr_par' dir='ltr' id='par_1_7' title="bbox 408 1867 1823 2054">
     <span class='ocr_line' id='line_1_13' title="bbox 408 1867 1823 1962; baseline -0.007 -20"><span class='ocrx_word' id='word_1_120' title='bbox 408 1893 530 1954; x_wconf 81' lang='lat' dir='ltr'><strong>cutem,</strong></span> <span class='ocrx_word' id='word_1_121' title='bbox 544 1875 652 1962; x_wconf 89' lang='lat' dir='ltr'><strong>inquit</strong></span> <span class='ocrx_word' id='word_1_122' title='bbox 665 1876 722 1939; x_wconf 90' lang='lat' dir='ltr'><strong>ille</strong></span> <span class='ocrx_word' id='word_1_123' title='bbox 739 1875 777 1958; x_wconf 83' lang='lat' dir='ltr'><strong>(l.</strong></span> <span class='ocrx_word' id='word_1_124' title='bbox 791 1875 855 1958; x_wconf 81' lang='lat' dir='ltr'><strong>c),</strong></span> <span class='ocrx_word' id='word_1_125' title='bbox 873 1875 1013 1938; x_wconf 82' lang='lat' dir='ltr'><strong>mutatis</strong></span> <span class='ocrx_word' id='word_1_126' title='bbox 1028 1873 1158 1934; x_wconf 82' lang='lat' dir='ltr'><strong>vicibus</strong></span> <span class='ocrx_word' id='word_1_127' title='bbox 1344 1871 1380 1936; x_wconf 74' lang='lat' dir='ltr'><strong>G</strong></span> <span class='ocrx_word' id='word_1_128' title='bbox 1387 1869 1644 1934; x_wconf 71' lang='lat' dir='ltr'><strong>AMALon</strong></span> <span class='ocrx_word' id='word_1_129' title='bbox 1654 1873 1689 1934; x_wconf 83' lang='lat' dir='ltr'><em>V</em></span> <span class='ocrx_word' id='word_1_130' title='bbox 1690 1867 1731 1936; x_wconf 77' lang='grc' dir='ltr'><em>Ν</em></span> <span class='ocrx_word' id='word_1_131' title='bbox 1734 1873 1770 1934; x_wconf 75' lang='lat' dir='ltr'><em>V</em></span> <span class='ocrx_word' id='word_1_132' title='bbox 1768 1871 1823 1933; x_wconf 83' lang='lat' dir='ltr'><strong>M.</strong></span> 
     </span>
     <span class='ocr_line' id='line_1_14' title="bbox 411 1972 1158 2054; baseline -0.013 -10"><span class='ocrx_word' id='word_1_133' title='bbox 411 1973 559 2044; x_wconf 78' lang='lat' dir='ltr'><em>&#39;GAMV</em></span> <span class='ocrx_word' id='word_1_134' title='bbox 574 1982 622 2040; x_wconf 86' lang='lat' dir='ltr'><strong>sit</strong></span> <span class='ocrx_word' id='word_1_135' title='bbox 643 1999 760 2042; x_wconf 84' lang='lat' dir='ltr'><strong>nomen</strong></span> <span class='ocrx_word' id='word_1_136' title='bbox 782 1979 864 2051; x_wconf 88' lang='lat' dir='ltr'><strong>viri,</strong></span> <span class='ocrx_word' id='word_1_137' title='bbox 894 1973 1019 2040; x_wconf 79' lang='lat' dir='ltr'><strong>thto</strong></span> <span class='ocrx_word' id='word_1_138' title='bbox 1039 1972 1158 2054; x_wconf 83' lang='lat' dir='ltr'><strong>populi</strong></span> 
     </span>
    </p>

    <p class='ocr_par' dir='ltr' id='par_1_8' title="bbox 314 2071 1963 4899">
     <span class='ocr_line' id='line_1_15' title="bbox 408 2071 1963 2162; baseline -0.004 -20"><span class='ocrx_word' id='word_1_139' title='bbox 408 2093 469 2144; x_wconf 83' lang='lat' dir='ltr'><strong>cut</strong></span> <span class='ocrx_word' id='word_1_140' title='bbox 496 2081 611 2142; x_wconf 80' lang='lat' dir='ltr'><strong>ariis?</strong></span> <span class='ocrx_word' id='word_1_141' title='bbox 635 2099 674 2142; x_wconf 90' lang='lat' dir='ltr'><strong>ac</strong></span> <span class='ocrx_word' id='word_1_142' title='bbox 697 2077 839 2162; x_wconf 88' lang='lat' dir='ltr'><strong>deniqne</strong></span> <span class='ocrx_word' id='word_1_143' title='bbox 866 2075 962 2140; x_wconf 76' lang='lat' dir='ltr'><strong>variis</strong></span> <span class='ocrx_word' id='word_1_144' title='bbox 987 2073 1157 2136; x_wconf 83' lang='lat' dir='ltr'><strong>distractus</strong></span> <span class='ocrx_word' id='word_1_145' title='bbox 1276 2077 1313 2136; x_wconf 90' lang='lat' dir='ltr'><strong>ln</strong></span> <span class='ocrx_word' id='word_1_146' title='bbox 1331 2071 1599 2148; x_wconf 79' lang='lat' dir='ltr'><strong>Trinobantibus,</strong></span> <span class='ocrx_word' id='word_1_147' title='bbox 1622 2071 1727 2136; x_wconf 86' lang='lat' dir='ltr'><strong>serina</strong></span> <span class='ocrx_word' id='word_1_148' title='bbox 1746 2084 1880 2136; x_wconf 81' lang='lat' dir='ltr'><strong>anctore</strong></span> <span class='ocrx_word' id='word_1_149' title='bbox 1898 2075 1963 2136; x_wconf 71' lang='grc' dir='ltr'><strong>Τι-</strong></span> 
     </span>
     <span class='ocr_line' id='line_1_16' title="bbox 407 2161 1962 2258; baseline -0.003 -16"><span class='ocrx_word' id='word_1_150' title='bbox 407 2175 580 2244; x_wconf 82' lang='lat' dir='ltr'><strong>scntentiis</strong></span> <span class='ocrx_word' id='word_1_151' title='bbox 604 2181 656 2242; x_wconf 87' lang='lat' dir='ltr'><strong>his</strong></span> <span class='ocrx_word' id='word_1_152' title='bbox 680 2178 790 2244; x_wconf 83' lang='lat' dir='ltr'><strong>verbis</strong></span> <span class='ocrx_word' id='word_1_153' title='bbox 814 2175 994 2241; x_wconf 82' lang='lat' dir='ltr'><strong>orationem</strong></span> <span class='ocrx_word' id='word_1_154' title='bbox 1019 2173 1154 2238; x_wconf 86' lang='lat' dir='ltr'><strong>claudit:</strong></span> <span class='ocrx_word' id='word_1_155' title='bbox 1214 2175 1278 2238; x_wconf 83' lang='lat' dir='ltr'><strong>cito</strong></span> <span class='ocrx_word' id='word_1_156' title='bbox 1293 2161 1468 2238; x_wconf 81' lang='lat' dir='ltr'><strong>deductas</strong></span> <span class='ocrx_word' id='word_1_157' title='bbox 1485 2172 1620 2236; x_wconf 86' lang='lat' dir='ltr'><strong>Claudio</strong></span> <span class='ocrx_word' id='word_1_158' title='bbox 1636 2171 1782 2252; x_wconf 89' lang='lat' dir='ltr'><strong>colonia,</strong></span> <span class='ocrx_word' id='word_1_159' title='bbox 1804 2189 1839 2236; x_wconf 88' lang='lat' dir='ltr'><strong>et</strong></span> <span class='ocrx_word' id='word_1_160' title='bbox 1853 2175 1962 2258; x_wconf 85' lang='lat' dir='ltr'><strong>prima</strong></span> 
     </span>
     <span class='ocr_line' id='line_1_17' title="bbox 406 2275 1960 2360; baseline -0.005 -15"><span class='ocrx_word' id='word_1_161' title='bbox 406 2286 442 2345; x_wconf 90' lang='lat' dir='ltr'><strong>in</strong></span> <span class='ocrx_word' id='word_1_162' title='bbox 470 2303 505 2344; x_wconf 86' lang='lat' dir='ltr'><strong>re</strong></span> <span class='ocrx_word' id='word_1_163' title='bbox 530 2294 600 2344; x_wconf 84' lang='lat' dir='ltr'><strong>tam</strong></span> <span class='ocrx_word' id='word_1_164' title='bbox 627 2284 757 2344; x_wconf 79' lang='lat' dir='ltr'><strong>incerta</strong></span> <span class='ocrx_word' id='word_1_165' title='bbox 785 2283 922 2357; x_wconf 78' lang='lat' dir='ltr'><strong>quisque</strong></span> <span class='ocrx_word' id='word_1_166' title='bbox 942 2299 1003 2358; x_wconf 82' lang='lat' dir='ltr'><strong>per</strong></span> <span class='ocrx_word' id='word_1_167' title='bbox 1023 2297 1074 2338; x_wconf 84' lang='lat' dir='ltr'><strong>me</strong></span> <span class='ocrx_word' id='word_1_168' title='bbox 1097 2296 1157 2337; x_wconf 88' lang='lat' dir='ltr'><strong>suo</strong></span> <span class='ocrx_word' id='word_1_169' title='bbox 1215 2275 1347 2360; x_wconf 84' lang='lat' dir='ltr'><strong>quidem</strong></span> <span class='ocrx_word' id='word_1_170' title='bbox 1366 2277 1588 2338; x_wconf 83' lang='lat' dir='ltr'><strong>Romanorum</strong></span> <span class='ocrx_word' id='word_1_171' title='bbox 1609 2275 1643 2336; x_wconf 92' lang='lat' dir='ltr'><strong>in</strong></span> <span class='ocrx_word' id='word_1_172' title='bbox 1663 2275 1840 2341; x_wconf 75' lang='lat' dir='ltr'>Britannia.</span> <span class='ocrx_word' id='word_1_173' title='bbox 1872 2277 1960 2342; x_wconf 86' lang='lat' dir='ltr'><strong>Vide</strong></span> 
     </span>
     <span class='ocr_line' id='line_1_18' title="bbox 400 2374 1403 2462; baseline -0.003 -18"><span class='ocrx_word' id='word_1_174' title='bbox 400 2385 477 2462; x_wconf 82' lang='lat' dir='ltr'><strong>jure</strong></span> <span class='ocrx_word' id='word_1_175' title='bbox 495 2395 622 2444; x_wconf 82' lang='lat' dir='ltr'><strong>utatur.</strong></span> <span class='ocrx_word' id='word_1_176' title='bbox 646 2383 742 2444; x_wconf 78' lang='lat' dir='ltr'><strong>Alter</strong></span> <span class='ocrx_word' id='word_1_177' title='bbox 757 2379 976 2441; x_wconf 83' lang='lat' dir='ltr'><strong>Pinltcrtonus</strong></span> <span class='ocrx_word' id='word_1_178' title='bbox 996 2395 1097 2459; x_wconf 82' lang='lat' dir='ltr'><strong>agens</strong></span> <span class='ocrx_word' id='word_1_179' title='bbox 1115 2374 1156 2439; x_wconf 92' lang='lat' dir='ltr'><strong>de</strong></span> <span class='ocrx_word' id='word_1_180' title='bbox 1215 2377 1403 2441; x_wconf 80' lang='lat' dir='ltr'><strong>Cellarinns.</strong></span> 
     </span>
     <span class='ocr_line' id='line_1_19' title="bbox 406 2475 1958 2564; baseline -0.007 -16"><span class='ocrx_word' id='word_1_181' title='bbox 406 2481 612 2548; x_wconf 83' lang='lat' dir='ltr'><strong>Canobclino</strong></span> <span class='ocrx_word' id='word_1_182' title='bbox 631 2482 723 2563; x_wconf 81' lang='lat' dir='ltr'><strong>(Vol.</strong></span> <span class='ocrx_word' id='word_1_183' title='bbox 738 2483 763 2542; x_wconf 91' lang='lat'><strong>1.</strong></span> <span class='ocrx_word' id='word_1_184' title='bbox 782 2503 813 2564; x_wconf 88' lang='lat' dir='ltr'><strong>p.</strong></span> <span class='ocrx_word' id='word_1_185' title='bbox 827 2475 903 2560; x_wconf 78' lang='lat' dir='ltr'><strong>aod)</strong></span> <span class='ocrx_word' id='word_1_186' title='bbox 929 2477 1032 2541; x_wconf 79' lang='lat' dir='ltr'><strong>addita</strong></span> <span class='ocrx_word' id='word_1_187' title='bbox 1062 2478 1158 2558; x_wconf 75' lang='lat' dir='ltr'><strong>cnjus</strong></span> <span class='ocrx_word' id='word_1_188' title='bbox 1279 2481 1333 2542; x_wconf 67' lang='lat' dir='ltr'><strong>st.</strong></span> <span class='ocrx_word' id='word_1_189' title='bbox 1354 2477 1513 2544; x_wconf 78' lang='lat' dir='ltr'><strong>CLAVD.</strong></span> <span class='ocrx_word' id='word_1_190' title='bbox 1534 2477 1656 2542; x_wconf 73' lang='lat' dir='ltr'><strong>CAES.</strong></span> <span class='ocrx_word' id='word_1_191' title='bbox 1676 2476 1777 2544; x_wconf 78' lang='lat' dir='ltr'><strong>AVG.</strong></span> <span class='ocrx_word' id='word_1_192' title='bbox 1797 2476 1897 2544; x_wconf 83' lang='lat' dir='ltr'><strong>GER.</strong></span> <span class='ocrx_word' id='word_1_193' title='bbox 1916 2480 1958 2544; x_wconf 87' lang='lat' dir='ltr'><strong>P.</strong></span> 
     </span>
     <span class='ocr_line' id='line_1_20' title="bbox 396 2573 1962 2670; baseline -0.003 -22"><span class='ocrx_word' id='word_1_194' title='bbox 396 2589 495 2670; x_wconf 76' lang='lat' dir='ltr'><strong>sorte</strong></span> <span class='ocrx_word' id='word_1_195' title='bbox 514 2584 692 2668; x_wconf 76' lang='lat' dir='ltr'><strong>(perhaps)</strong></span> <span class='ocrx_word' id='word_1_196' title='bbox 719 2595 798 2646; x_wconf 80' lang='lat' dir='ltr'><strong>sunt</strong></span> <span class='ocrx_word' id='word_1_197' title='bbox 825 2585 934 2657; x_wconf 71' lang='lat' dir='ltr'><strong>narmi,</strong></span> <span class='ocrx_word' id='word_1_198' title='bbox 962 2599 1045 2660; x_wconf 82' lang='lat' dir='ltr'><strong>quos</strong></span> <span class='ocrx_word' id='word_1_199' title='bbox 1064 2573 1155 2655; x_wconf 79' lang='lat' dir='ltr'><strong>justo</strong></span> <span class='ocrx_word' id='word_1_200' title='bbox 1214 2583 1261 2647; x_wconf 78' lang='lat' dir='ltr'><strong>M.</strong></span> <span class='ocrx_word' id='word_1_201' title='bbox 1276 2583 1348 2647; x_wconf 79' lang='grc' dir='ltr'><strong>ΤΒ.</strong></span> <span class='ocrx_word' id='word_1_202' title='bbox 1360 2581 1399 2647; x_wconf 86' lang='grc' dir='ltr'><strong>Ρ.</strong></span> <span class='ocrx_word' id='word_1_203' title='bbox 1414 2581 1485 2643; x_wconf 85' lang='lat' dir='ltr'><strong>xlt.</strong></span> <span class='ocrx_word' id='word_1_204' title='bbox 1505 2579 1594 2644; x_wconf 83' lang='lat' dir='ltr'><strong>IMP.</strong></span> <span class='ocrx_word' id='word_1_205' title='bbox 1609 2579 1708 2644; x_wconf 84' lang='lat' dir='ltr'><strong>xmt.</strong></span> <span class='ocrx_word' id='word_1_206' title='bbox 1735 2580 1844 2660; x_wconf 77' lang='lat' dir='ltr'><strong>Caput</strong></span> <span class='ocrx_word' id='word_1_207' title='bbox 1862 2582 1962 2644; x_wconf 81' lang='lat' dir='ltr'><strong>Cicu-</strong></span> 
     </span>
     <span class='ocr_line' id='line_1_21' title="bbox 408 2677 1961 2766; baseline 0 -18"><span class='ocrx_word' id='word_1_208' title='bbox 408 2707 544 2748; x_wconf 86' lang='lat' dir='ltr'><strong>numero</strong></span> <span class='ocrx_word' id='word_1_209' title='bbox 569 2685 742 2760; x_wconf 73' lang='lat' dir='ltr'><strong>iaciemus,</strong></span> <span class='ocrx_word' id='word_1_210' title='bbox 772 2703 810 2745; x_wconf 91' lang='lat' dir='ltr'><strong>ac</strong></span> <span class='ocrx_word' id='word_1_211' title='bbox 837 2681 948 2766; x_wconf 85' lang='lat' dir='ltr'><strong>paullo</strong></span> <span class='ocrx_word' id='word_1_212' title='bbox 975 2679 1075 2741; x_wconf 80' lang='lat' dir='ltr'><strong>infra:</strong></span> <span class='ocrx_word' id='word_1_213' title='bbox 1109 2677 1157 2740; x_wconf 91' lang='lat' dir='ltr'><strong>Hi</strong></span> <span class='ocrx_word' id='word_1_214' title='bbox 1213 2679 1961 2748; x_wconf 67' lang='lat' dir='ltr'><strong>assumuntcot..cnntnt.01)0tt.avt;.</strong></span> 
     </span>
     <span class='ocr_line' id='line_1_22' title="bbox 411 2781 1958 2869; baseline 0.001 -21"><span class='ocrx_word' id='word_1_215' title='bbox 411 2787 609 2850; x_wconf 85' lang='lat' dir='ltr'><strong>Cunabeiini</strong></span> <span class='ocrx_word' id='word_1_216' title='bbox 631 2785 725 2848; x_wconf 74' lang='lat' dir='ltr'><strong>nunti</strong></span> <span class='ocrx_word' id='word_1_217' title='bbox 739 2789 838 2867; x_wconf 80' lang='lat' dir='ltr'><strong>forte</strong></span> <span class='ocrx_word' id='word_1_218' title='bbox 861 2785 957 2846; x_wconf 84' lang='lat' dir='ltr'><strong>unici</strong></span> <span class='ocrx_word' id='word_1_219' title='bbox 976 2792 1071 2858; x_wconf 80' lang='lat' dir='ltr'><strong>sunt,</strong></span> <span class='ocrx_word' id='word_1_220' title='bbox 1099 2781 1158 2859; x_wconf 77' lang='lat' dir='ltr'><strong>qni</strong></span> <span class='ocrx_word' id='word_1_221' title='bbox 1217 2781 1361 2844; x_wconf 75' lang='lat' dir='ltr'><strong>Calones</strong></span> <span class='ocrx_word' id='word_1_222' title='bbox 1389 2805 1500 2846; x_wconf 84' lang='lat' dir='ltr'><strong>arans.</strong></span> <span class='ocrx_word' id='word_1_223' title='bbox 1535 2783 1606 2844; x_wconf 82' lang='grc' dir='ltr'><strong>ΑΕ.</strong></span> <span class='ocrx_word' id='word_1_224' title='bbox 1632 2782 1658 2846; x_wconf 82' lang='grc' dir='ltr'><strong>Ι.</strong></span> <span class='ocrx_word' id='word_1_225' title='bbox 1690 2781 1852 2863; x_wconf 78' lang='lat' dir='ltr'><strong>(camden</strong></span> <span class='ocrx_word' id='word_1_226' title='bbox 1880 2806 1958 2869; x_wconf 83' lang='lat' dir='ltr'><strong>pag.</strong></span> 
     </span>
     <span class='ocr_line' id='line_1_23' title="bbox 406 2883 1624 2966; baseline -0.006 -17"><span class='ocrx_word' id='word_1_227' title='bbox 406 2909 481 2949; x_wconf 77' lang='lat' dir='ltr'><strong>csse</strong></span> <span class='ocrx_word' id='word_1_228' title='bbox 493 2887 687 2948; x_wconf 80' lang='lat' dir='ltr'><em>Britannici</em></span> <span class='ocrx_word' id='word_1_229' title='bbox 702 2887 808 2946; x_wconf 84' lang='lat' dir='ltr'><strong>videri</strong></span> <span class='ocrx_word' id='word_1_230' title='bbox 818 2887 966 2966; x_wconf 82' lang='lat' dir='ltr'><em>possint,</em></span> <span class='ocrx_word' id='word_1_231' title='bbox 984 2884 1157 2966; x_wconf 88' lang='lat' dir='ltr'><strong>(apparcn·</strong></span> <span class='ocrx_word' id='word_1_232' title='bbox 1215 2883 1328 2948; x_wconf 79' lang='lat' dir='ltr'><strong>cttttt.</strong></span> <span class='ocrx_word' id='word_1_233' title='bbox 1347 2884 1411 2950; x_wconf 83' lang='lat' dir='ltr'><strong>tab.</strong></span> <span class='ocrx_word' id='word_1_234' title='bbox 1429 2907 1456 2949; x_wconf 85' lang='lat' dir='ltr'><strong>r.</strong></span> <span class='ocrx_word' id='word_1_235' title='bbox 1476 2903 1564 2948; x_wconf 87' lang='lat' dir='ltr'><strong>num.</strong></span> <span class='ocrx_word' id='word_1_236' title='bbox 1577 2883 1624 2963; x_wconf 82' lang='lat' dir='ltr'><strong>a.)</strong></span> 
     </span>
     <span class='ocr_line' id='line_1_24' title="bbox 407 2983 1959 3070; baseline 0.001 -21"><span class='ocrx_word' id='word_1_237' title='bbox 407 2988 455 3070; x_wconf 86' lang='lat' dir='ltr'><strong>tly</strong></span> <span class='ocrx_word' id='word_1_238' title='bbox 473 2987 624 3068; x_wconf 85' lang='lat' dir='ltr'><strong>British).</strong></span> <span class='ocrx_word' id='word_1_239' title='bbox 654 2985 735 3068; x_wconf 85' lang='lat' dir='ltr'><strong>Ejus</strong></span> <span class='ocrx_word' id='word_1_240' title='bbox 757 2985 864 3047; x_wconf 84' lang='lat' dir='ltr'><strong>videri</strong></span> <span class='ocrx_word' id='word_1_241' title='bbox 881 2997 1013 3046; x_wconf 81' lang='lat' dir='ltr'><strong>cansam</strong></span> <span class='ocrx_word' id='word_1_242' title='bbox 1030 2983 1063 3044; x_wconf 94' lang='lat' dir='ltr'><strong>in</strong></span> <span class='ocrx_word' id='word_1_243' title='bbox 1078 2995 1157 3044; x_wconf 89' lang='lat' dir='ltr'><strong>nota</strong></span> <span class='ocrx_word' id='word_1_244' title='bbox 1276 2985 1382 3066; x_wconf 75' lang='lat' dir='ltr'><strong>Hujus</strong></span> <span class='ocrx_word' id='word_1_245' title='bbox 1412 2985 1560 3048; x_wconf 82' lang='lat' dir='ltr'><strong>coloniae</strong></span> <span class='ocrx_word' id='word_1_246' title='bbox 1587 3003 1721 3046; x_wconf 79' lang='lat' dir='ltr'><strong>numum</strong></span> <span class='ocrx_word' id='word_1_247' title='bbox 1748 3005 1824 3047; x_wconf 84' lang='lat' dir='ltr'><strong>cnm</strong></span> <span class='ocrx_word' id='word_1_248' title='bbox 1844 2987 1959 3070; x_wconf 82' lang='lat' dir='ltr'><strong>eapite</strong></span> 
     </span>
     <span class='ocr_line' id='line_1_25' title="bbox 410 3083 1959 3172; baseline -0.002 -19"><span class='ocrx_word' id='word_1_249' title='bbox 410 3087 555 3172; x_wconf 83' lang='lat' dir='ltr'><strong>subjecta</strong></span> <span class='ocrx_word' id='word_1_250' title='bbox 573 3087 766 3171; x_wconf 75' lang='lat' dir='ltr'><strong>explicatam</strong></span> <span class='ocrx_word' id='word_1_251' title='bbox 782 3086 952 3169; x_wconf 86' lang='lat' dir='ltr'><strong>proponit,</strong></span> <span class='ocrx_word' id='word_1_252' title='bbox 969 3084 1042 3169; x_wconf 83' lang='lat' dir='ltr'><strong>qnia</strong></span> <span class='ocrx_word' id='word_1_253' title='bbox 1056 3083 1155 3146; x_wconf 89' lang='lat' dir='ltr'><strong>inhia</strong></span> <span class='ocrx_word' id='word_1_254' title='bbox 1211 3086 1291 3150; x_wconf 86' lang='lat' dir='ltr'><strong>item</strong></span> <span class='ocrx_word' id='word_1_255' title='bbox 1304 3087 1430 3150; x_wconf 77' lang='lat' dir='ltr'><strong>Claudii</strong></span> <span class='ocrx_word' id='word_1_256' title='bbox 1442 3089 1567 3170; x_wconf 84' lang='lat' dir='ltr'><strong>primns</strong></span> <span class='ocrx_word' id='word_1_257' title='bbox 1577 3085 1671 3148; x_wconf 89' lang='lat' dir='ltr'><strong>dedit</strong></span> <span class='ocrx_word' id='word_1_258' title='bbox 1678 3085 1959 3150; x_wconf 73' lang='lat' dir='ltr'><strong>GoltzinmCOL.</strong></span> 
     </span>
     <span class='ocr_line' id='line_1_26' title="bbox 409 3187 1960 3272; baseline -0.002 -19"><span class='ocrx_word' id='word_1_259' title='bbox 409 3191 516 3253; x_wconf 83' lang='lat' dir='ltr'><strong>numia</strong></span> <span class='ocrx_word' id='word_1_260' title='bbox 527 3203 567 3253; x_wconf 86' lang='lat' dir='ltr'><strong>et</strong></span> <span class='ocrx_word' id='word_1_261' title='bbox 580 3187 757 3272; x_wconf 79' lang='lat' dir='ltr'><strong>imagines,</strong></span> <span class='ocrx_word' id='word_1_262' title='bbox 775 3199 808 3249; x_wconf 86' lang='lat' dir='ltr'><strong>et</strong></span> <span class='ocrx_word' id='word_1_263' title='bbox 825 3187 996 3263; x_wconf 78' lang='lat' dir='ltr'><strong>columen,</strong></span> <span class='ocrx_word' id='word_1_264' title='bbox 1013 3199 1046 3250; x_wconf 83' lang='lat' dir='ltr'><strong>ot</strong></span> <span class='ocrx_word' id='word_1_265' title='bbox 1061 3207 1156 3268; x_wconf 86' lang='lat' dir='ltr'><strong>appa·</strong></span> <span class='ocrx_word' id='word_1_266' title='bbox 1213 3189 1503 3257; x_wconf 74' lang='lat' dir='ltr'><strong>cantnnoltvtt.</strong></span> <span class='ocrx_word' id='word_1_267' title='bbox 1523 3188 1573 3271; x_wconf 88' lang='lat' dir='ltr'><strong>(in</strong></span> <span class='ocrx_word' id='word_1_268' title='bbox 1588 3188 1688 3252; x_wconf 83' lang='lat' dir='ltr'><strong>Thes.</strong></span> <span class='ocrx_word' id='word_1_269' title='bbox 1706 3209 1739 3270; x_wconf 91' lang='lat' dir='ltr'><strong>p.</strong></span> <span class='ocrx_word' id='word_1_270' title='bbox 1753 3188 1843 3270; x_wconf 77' lang='lat'><strong>238).</strong></span> <span class='ocrx_word' id='word_1_271' title='bbox 1865 3189 1960 3252; x_wconf 87' lang='lat' dir='ltr'><strong>Golt-</strong></span> 
     </span>
     <span class='ocr_line' id='line_1_27' title="bbox 407 3287 1959 3372; baseline -0.002 -18"><span class='ocrx_word' id='word_1_272' title='bbox 407 3313 485 3356; x_wconf 89' lang='lat' dir='ltr'><strong>rcns</strong></span> <span class='ocrx_word' id='word_1_273' title='bbox 505 3305 592 3356; x_wconf 83' lang='lat' dir='ltr'><strong>aetna</strong></span> <span class='ocrx_word' id='word_1_274' title='bbox 608 3291 658 3354; x_wconf 87' lang='lat' dir='ltr'><strong>ita</strong></span> <span class='ocrx_word' id='word_1_275' title='bbox 679 3289 820 3365; x_wconf 83' lang='lat' dir='ltr'><strong>variant,</strong></span> <span class='ocrx_word' id='word_1_276' title='bbox 845 3301 880 3350; x_wconf 89' lang='lat' dir='ltr'><strong>nt</strong></span> <span class='ocrx_word' id='word_1_277' title='bbox 894 3288 960 3350; x_wconf 85' lang='lat' dir='ltr'><strong>sint</strong></span> <span class='ocrx_word' id='word_1_278' title='bbox 976 3287 1032 3372; x_wconf 88' lang='lat' dir='ltr'><strong>qni</strong></span> <span class='ocrx_word' id='word_1_279' title='bbox 1047 3287 1160 3352; x_wconf 67' lang='lat' dir='ltr'><strong>existi.</strong></span> <span class='ocrx_word' id='word_1_280' title='bbox 1213 3292 1325 3354; x_wconf 79' lang='lat' dir='ltr'><strong>cinnae</strong></span> <span class='ocrx_word' id='word_1_281' title='bbox 1342 3290 1420 3356; x_wconf 81' lang='lat' dir='ltr'><strong>hnic</strong></span> <span class='ocrx_word' id='word_1_282' title='bbox 1438 3291 1541 3370; x_wconf 78' lang='lat' dir='ltr'><strong>merci</strong></span> <span class='ocrx_word' id='word_1_283' title='bbox 1562 3291 1596 3352; x_wconf 90' lang='lat' dir='ltr'><strong>in</strong></span> <span class='ocrx_word' id='word_1_284' title='bbox 1619 3311 1675 3353; x_wconf 87' lang='lat' dir='ltr'><strong>sna</strong></span> <span class='ocrx_word' id='word_1_285' title='bbox 1690 3289 1821 3351; x_wconf 85' lang='lat' dir='ltr'><strong>urbium</strong></span> <span class='ocrx_word' id='word_1_286' title='bbox 1835 3293 1959 3354; x_wconf 83' lang='lat' dir='ltr'><strong>namis-</strong></span> 
     </span>
     <span class='ocr_line' id='line_1_28' title="bbox 408 3389 1956 3474; baseline 0.001 -18"><span class='ocrx_word' id='word_1_287' title='bbox 408 3407 514 3469; x_wconf 85' lang='lat' dir='ltr'><strong>ment,</strong></span> <span class='ocrx_word' id='word_1_288' title='bbox 532 3411 652 3455; x_wconf 87' lang='lat' dir='ltr'><strong>nomen</strong></span> <span class='ocrx_word' id='word_1_289' title='bbox 669 3389 752 3453; x_wconf 89' lang='lat' dir='ltr'><strong>illud</strong></span> <span class='ocrx_word' id='word_1_290' title='bbox 771 3410 843 3454; x_wconf 89' lang='lat' dir='ltr'><strong>esse</strong></span> <span class='ocrx_word' id='word_1_291' title='bbox 861 3389 1036 3474; x_wconf 86' lang='lat' dir='ltr'><strong>cujuspiam</strong></span> <span class='ocrx_word' id='word_1_292' title='bbox 1052 3389 1156 3452; x_wconf 89' lang='lat' dir='ltr'><strong>numi·</strong></span> <span class='ocrx_word' id='word_1_293' title='bbox 1212 3393 1400 3456; x_wconf 86' lang='lat' dir='ltr'><strong>maticarurn</strong></span> <span class='ocrx_word' id='word_1_294' title='bbox 1419 3393 1506 3456; x_wconf 88' lang='lat' dir='ltr'><strong>serie</strong></span> <span class='ocrx_word' id='word_1_295' title='bbox 1520 3393 1630 3455; x_wconf 86' lang='lat' dir='ltr'><strong>locum</strong></span> <span class='ocrx_word' id='word_1_296' title='bbox 1648 3390 1740 3454; x_wconf 82' lang='lat' dir='ltr'><strong>dedit</strong></span> <span class='ocrx_word' id='word_1_297' title='bbox 1756 3393 1956 3471; x_wconf 77' lang='lat' dir='ltr'><strong>Hardnines,</strong></span> 
     </span>
     <span class='ocr_line' id='line_1_29' title="bbox 406 3491 1957 3582; baseline 0.001 -26"><span class='ocrx_word' id='word_1_298' title='bbox 406 3495 458 3558; x_wconf 88' lang='lat' dir='ltr'><strong>nis</strong></span> <span class='ocrx_word' id='word_1_299' title='bbox 482 3495 617 3570; x_wconf 80' lang='lat' dir='ltr'><strong>Gallici,</strong></span> <span class='ocrx_word' id='word_1_300' title='bbox 644 3506 700 3556; x_wconf 86' lang='lat' dir='ltr'><strong>ant</strong></span> <span class='ocrx_word' id='word_1_301' title='bbox 722 3493 849 3566; x_wconf 86' lang='lat' dir='ltr'><strong>herois,</strong></span> <span class='ocrx_word' id='word_1_302' title='bbox 873 3511 939 3555; x_wconf 90' lang='lat' dir='ltr'><strong>non</strong></span> <span class='ocrx_word' id='word_1_303' title='bbox 960 3491 1155 3556; x_wconf 84' lang='lat' dir='ltr'><strong>Gunobclini</strong></span> <span class='ocrx_word' id='word_1_304' title='bbox 1211 3496 1318 3562; x_wconf 87' lang='lat' dir='ltr'><strong>sanius</strong></span> <span class='ocrx_word' id='word_1_305' title='bbox 1329 3495 1662 3580; x_wconf 81' lang='lat' dir='ltr'><strong>negavitVaillantins</strong></span> <span class='ocrx_word' id='word_1_306' title='bbox 1673 3495 1707 3555; x_wconf 94' lang='lat' dir='ltr'><strong>in</strong></span> <span class='ocrx_word' id='word_1_307' title='bbox 1718 3495 1874 3572; x_wconf 86' lang='lat' dir='ltr'><strong>Colonlis,</strong></span> <span class='ocrx_word' id='word_1_308' title='bbox 1888 3517 1957 3582; x_wconf 83' lang='lat' dir='ltr'><strong>qno</strong></span> 
     </span>
     <span class='ocr_line' id='line_1_30' title="bbox 406 3593 1960 3682; baseline 0 -22"><span class='ocrx_word' id='word_1_309' title='bbox 406 3597 523 3660; x_wconf 78' lang='lat' dir='ltr'><strong>nostri.</strong></span> <span class='ocrx_word' id='word_1_310' title='bbox 541 3594 829 3672; x_wconf 57' lang='lat' dir='ltr'><strong>urmatten,</strong></span> <span class='ocrx_word' id='word_1_311' title='bbox 845 3615 928 3680; x_wconf 84' lang='lat' dir='ltr'><strong>qnae</strong></span> <span class='ocrx_word' id='word_1_312' title='bbox 940 3593 1006 3656; x_wconf 88' lang='lat' dir='ltr'><strong>illia</strong></span> <span class='ocrx_word' id='word_1_313' title='bbox 1019 3593 1156 3678; x_wconf 88' lang='lat' dir='ltr'><strong>inscrip-</strong></span> <span class='ocrx_word' id='word_1_314' title='bbox 1210 3597 1245 3658; x_wconf 92' lang='lat' dir='ltr'><strong>in</strong></span> <span class='ocrx_word' id='word_1_315' title='bbox 1269 3618 1371 3682; x_wconf 89' lang='lat' dir='ltr'><strong>opere</strong></span> <span class='ocrx_word' id='word_1_316' title='bbox 1388 3598 1511 3660; x_wconf 86' lang='lat' dir='ltr'><strong>Goltzii</strong></span> <span class='ocrx_word' id='word_1_317' title='bbox 1531 3595 1666 3660; x_wconf 75' lang='lat' dir='ltr'><strong>offacias</strong></span> <span class='ocrx_word' id='word_1_318' title='bbox 1687 3607 1721 3660; x_wconf 82' lang='lat' dir='ltr'><strong>et</strong></span> <span class='ocrx_word' id='word_1_319' title='bbox 1740 3594 1880 3660; x_wconf 83' lang='lat' dir='ltr'><strong>ludibria</strong></span> <span class='ocrx_word' id='word_1_320' title='bbox 1901 3619 1960 3660; x_wconf 81' lang='lat' dir='ltr'><strong>ex·</strong></span> 
     </span>
     <span class='ocr_line' id='line_1_31' title="bbox 406 3693 1958 3782; baseline 0 -21"><span class='ocrx_word' id='word_1_321' title='bbox 406 3713 438 3761; x_wconf 85' lang='lat' dir='ltr'><strong>tn</strong></span> <span class='ocrx_word' id='word_1_322' title='bbox 459 3711 550 3774; x_wconf 81' lang='lat' dir='ltr'><strong>sant,</strong></span> <span class='ocrx_word' id='word_1_323' title='bbox 577 3717 650 3760; x_wconf 87' lang='lat' dir='ltr'><strong>esse</strong></span> <span class='ocrx_word' id='word_1_324' title='bbox 673 3715 772 3780; x_wconf 85' lang='lat' dir='ltr'><strong>posse</strong></span> <span class='ocrx_word' id='word_1_325' title='bbox 794 3695 925 3758; x_wconf 89' lang='lat' dir='ltr'><strong>nomina</strong></span> <span class='ocrx_word' id='word_1_326' title='bbox 947 3693 1153 3778; x_wconf 81' lang='lat' dir='ltr'><strong>oppidorum,</strong></span> <span class='ocrx_word' id='word_1_327' title='bbox 1210 3699 1317 3762; x_wconf 88' lang='lat' dir='ltr'><strong>clusit.</strong></span> <span class='ocrx_word' id='word_1_328' title='bbox 1347 3701 1508 3776; x_wconf 80' lang='lat' dir='ltr'><strong>Numam,</strong></span> <span class='ocrx_word' id='word_1_329' title='bbox 1532 3717 1628 3782; x_wconf 81' lang='lat' dir='ltr'><strong>quem</strong></span> <span class='ocrx_word' id='word_1_330' title='bbox 1652 3717 1693 3760; x_wconf 85' lang='lat' dir='ltr'><strong>ex</strong></span> <span class='ocrx_word' id='word_1_331' title='bbox 1715 3697 1880 3760; x_wconf 80' lang='lat' dir='ltr'><strong>camdeno</strong></span> <span class='ocrx_word' id='word_1_332' title='bbox 1893 3699 1958 3762; x_wconf 86' lang='lat' dir='ltr'><strong>dc-</strong></span> 
     </span>
     <span class='ocr_line' id='line_1_32' title="bbox 407 3793 1956 3889; baseline 0 -27"><span class='ocrx_word' id='word_1_333' title='bbox 407 3813 462 3864; x_wconf 88' lang='lat' dir='ltr'><strong>aut</strong></span> <span class='ocrx_word' id='word_1_334' title='bbox 483 3799 650 3862; x_wconf 84' lang='lat' dir='ltr'><strong>hominnm</strong></span> <span class='ocrx_word' id='word_1_335' title='bbox 672 3797 885 3860; x_wconf 82' lang='lat' dir='ltr'><strong>Gallicarum.</strong></span> <span class='ocrx_word' id='word_1_336' title='bbox 914 3793 1012 3889; x_wconf 80' lang='lat' dir='ltr'><strong>Quod</strong></span> <span class='ocrx_word' id='word_1_337' title='bbox 1035 3795 1074 3860; x_wconf 87' lang='lat' dir='ltr'><strong>ad</strong></span> <span class='ocrx_word' id='word_1_338' title='bbox 1094 3817 1154 3860; x_wconf 90' lang='lat' dir='ltr'><strong>no·</strong></span> <span class='ocrx_word' id='word_1_339' title='bbox 1209 3801 1344 3884; x_wconf 83' lang='lat' dir='ltr'><strong>scripsi,</strong></span> <span class='ocrx_word' id='word_1_340' title='bbox 1378 3801 1501 3866; x_wconf 85' lang='lat' dir='ltr'><strong>diserte</strong></span> <span class='ocrx_word' id='word_1_341' title='bbox 1528 3799 1689 3884; x_wconf 81' lang='lat' dir='ltr'><strong>adprobat</strong></span> <span class='ocrx_word' id='word_1_342' title='bbox 1715 3799 1956 3864; x_wconf 79' lang='lat' dir='ltr'><strong>Pinltertonns:</strong></span> 
     </span>
     <span class='ocr_line' id='line_1_33' title="bbox 406 3895 1955 3986; baseline -0.003 -20"><span class='ocrx_word' id='word_1_343' title='bbox 406 3922 482 3966; x_wconf 89' lang='lat' dir='ltr'><strong>men</strong></span> <span class='ocrx_word' id='word_1_344' title='bbox 505 3899 679 3976; x_wconf 64' lang='lat' dir='ltr'><strong>ensem,</strong></span> <span class='ocrx_word' id='word_1_345' title='bbox 709 3897 797 3982; x_wconf 89' lang='lat' dir='ltr'><strong>qnod</strong></span> <span class='ocrx_word' id='word_1_346' title='bbox 817 3897 852 3958; x_wconf 89' lang='lat' dir='ltr'><strong>in</strong></span> <span class='ocrx_word' id='word_1_347' title='bbox 873 3895 912 3958; x_wconf 89' lang='lat' dir='ltr'><strong>iis</strong></span> <span class='ocrx_word' id='word_1_348' title='bbox 934 3897 1151 3982; x_wconf 84' lang='lat' dir='ltr'><strong>perfrequens</strong></span> <span class='ocrx_word' id='word_1_349' title='bbox 1209 3902 1301 3984; x_wconf 88' lang='lat' dir='ltr'><strong>(Vol.</strong></span> <span class='ocrx_word' id='word_1_350' title='bbox 1315 3903 1340 3967; x_wconf 91' lang='lat' dir='ltr'><strong>l.</strong></span> <span class='ocrx_word' id='word_1_351' title='bbox 1356 3923 1388 3986; x_wconf 89' lang='lat' dir='ltr'><strong>p.</strong></span> <span class='ocrx_word' id='word_1_352' title='bbox 1402 3903 1480 3985; x_wconf 79' lang='lat' dir='ltr'><strong>cdo)</strong></span> <span class='ocrx_word' id='word_1_353' title='bbox 1505 3899 1567 3965; x_wconf 86' lang='lat' dir='ltr'><strong>etsi</strong></span> <span class='ocrx_word' id='word_1_354' title='bbox 1590 3921 1666 3966; x_wconf 85' lang='lat' dir='ltr'><strong>enm</strong></span> <span class='ocrx_word' id='word_1_355' title='bbox 1682 3901 1836 3984; x_wconf 81' lang='lat' dir='ltr'><strong>ipscnon</strong></span> <span class='ocrx_word' id='word_1_356' title='bbox 1851 3901 1955 3982; x_wconf 77' lang='lat' dir='ltr'><strong>vidit3</strong></span> 
     </span>
     <span class='ocr_line' id='line_1_34' title="bbox 406 3999 1953 4088; baseline 0 -22"><span class='ocrx_word' id='word_1_357' title='bbox 406 4018 473 4082; x_wconf 85' lang='lat' dir='ltr'><strong>cst,</strong></span> <span class='ocrx_word' id='word_1_358' title='bbox 492 4002 622 4079; x_wconf 84' lang='lat' dir='ltr'><strong>attinet,</strong></span> <span class='ocrx_word' id='word_1_359' title='bbox 639 3999 720 4063; x_wconf 88' lang='lat' dir='ltr'><strong>illud</strong></span> <span class='ocrx_word' id='word_1_360' title='bbox 737 4019 835 4082; x_wconf 82' lang='lat' dir='ltr'><strong>saepo</strong></span> <span class='ocrx_word' id='word_1_361' title='bbox 852 4017 1028 4061; x_wconf 79' lang='lat' dir='ltr'><strong>occurrere</strong></span> <span class='ocrx_word' id='word_1_362' title='bbox 1044 4001 1077 4060; x_wconf 91' lang='lat' dir='ltr'><strong>in</strong></span> <span class='ocrx_word' id='word_1_363' title='bbox 1095 4023 1152 4062; x_wconf 88' lang='lat' dir='ltr'><strong>nu·</strong></span> <span class='ocrx_word' id='word_1_364' title='bbox 1209 4024 1282 4066; x_wconf 89' lang='lat' dir='ltr'><strong>narn</strong></span> <span class='ocrx_word' id='word_1_365' title='bbox 1300 4003 1417 4068; x_wconf 79' lang='lat' dir='ltr'><strong>recitat</strong></span> <span class='ocrx_word' id='word_1_366' title='bbox 1433 4025 1474 4068; x_wconf 84' lang='lat' dir='ltr'><strong>ex</strong></span> <span class='ocrx_word' id='word_1_367' title='bbox 1490 4003 1624 4088; x_wconf 84' lang='lat' dir='ltr'><strong>Speedii</strong></span> <span class='ocrx_word' id='word_1_368' title='bbox 1641 4003 1787 4068; x_wconf 80' lang='lat' dir='ltr'><strong>Historia</strong></span> <span class='ocrx_word' id='word_1_369' title='bbox 1800 4004 1953 4086; x_wconf 80' lang='lat' dir='ltr'><strong>Angliae,</strong></span> 
     </span>
     <span class='ocr_line' id='line_1_35' title="bbox 405 4099 1952 4190; baseline -0.001 -22"><span class='ocrx_word' id='word_1_370' title='bbox 405 4107 484 4184; x_wconf 82' lang='lat' dir='ltr'><strong>mis,</strong></span> <span class='ocrx_word' id='word_1_371' title='bbox 504 4105 565 4190; x_wconf 86' lang='lat' dir='ltr'><strong>qui</strong></span> <span class='ocrx_word' id='word_1_372' title='bbox 585 4103 705 4188; x_wconf 78' lang='lat' dir='ltr'><strong>absque</strong></span> <span class='ocrx_word' id='word_1_373' title='bbox 729 4101 828 4164; x_wconf 90' lang='lat' dir='ltr'><strong>dubio</strong></span> <span class='ocrx_word' id='word_1_374' title='bbox 851 4113 926 4162; x_wconf 86' lang='lat' dir='ltr'><strong>sunt</strong></span> <span class='ocrx_word' id='word_1_375' title='bbox 945 4099 1072 4164; x_wconf 86' lang='lat' dir='ltr'><strong>Gallici.</strong></span> <span class='ocrx_word' id='word_1_376' title='bbox 1100 4103 1152 4164; x_wconf 83' lang='lat' dir='ltr'><strong>Ex</strong></span> <span class='ocrx_word' id='word_1_377' title='bbox 1209 4105 1349 4190; x_wconf 84' lang='lat' dir='ltr'><strong>qnienm</strong></span> <span class='ocrx_word' id='word_1_378' title='bbox 1359 4103 1552 4168; x_wconf 82' lang='lat' dir='ltr'><strong>hauddubie</strong></span> <span class='ocrx_word' id='word_1_379' title='bbox 1564 4125 1605 4168; x_wconf 87' lang='lat' dir='ltr'><strong>ex</strong></span> <span class='ocrx_word' id='word_1_380' title='bbox 1614 4104 1780 4168; x_wconf 87' lang='lat' dir='ltr'><strong>Camdeno</strong></span> <span class='ocrx_word' id='word_1_381' title='bbox 1794 4105 1952 4169; x_wconf 78' lang='lat' dir='ltr'><strong>hauserit.</strong></span> 
     </span>
     <span class='ocr_line' id='line_1_36' title="bbox 405 4201 1953 4292; baseline -0.001 -22"><span class='ocrx_word' id='word_1_382' title='bbox 405 4227 470 4292; x_wconf 90' lang='lat' dir='ltr'><strong>qno</strong></span> <span class='ocrx_word' id='word_1_383' title='bbox 490 4218 639 4290; x_wconf 88' lang='lat' dir='ltr'><strong>apparet,</strong></span> <span class='ocrx_word' id='word_1_384' title='bbox 664 4225 707 4268; x_wconf 80' lang='lat' dir='ltr'><strong>ne</strong></span> <span class='ocrx_word' id='word_1_385' title='bbox 727 4203 806 4288; x_wconf 84' lang='lat' dir='ltr'><strong>ipsis</strong></span> <span class='ocrx_word' id='word_1_386' title='bbox 824 4201 955 4286; x_wconf 82' lang='lat' dir='ltr'><strong>qnidam</strong></span> <span class='ocrx_word' id='word_1_387' title='bbox 975 4201 1089 4286; x_wconf 79' lang='lat' dir='ltr'><strong>Anglis</strong></span> <span class='ocrx_word' id='word_1_388' title='bbox 1105 4225 1152 4266; x_wconf 85' lang='lat' dir='ltr'><strong>aa·</strong></span> <span class='ocrx_word' id='word_1_389' title='bbox 1270 4205 1459 4269; x_wconf 83' lang='lat' dir='ltr'><strong>Praestabat</strong></span> <span class='ocrx_word' id='word_1_390' title='bbox 1473 4227 1607 4268; x_wconf 85' lang='lat' dir='ltr'><strong>numum</strong></span> <span class='ocrx_word' id='word_1_391' title='bbox 1623 4207 1724 4282; x_wconf 87' lang='lat' dir='ltr'><strong>hunc,</strong></span> <span class='ocrx_word' id='word_1_392' title='bbox 1744 4226 1842 4290; x_wconf 84' lang='lat' dir='ltr'><strong>quem</strong></span> <span class='ocrx_word' id='word_1_393' title='bbox 1857 4227 1953 4290; x_wconf 83' lang='lat' dir='ltr'><strong>prae·</strong></span> 
     </span>
     <span class='ocr_line' id='line_1_37' title="bbox 403 4301 1953 4391; baseline 0.001 -21"><span class='ocrx_word' id='word_1_394' title='bbox 403 4311 445 4372; x_wconf 89' lang='lat' dir='ltr'><strong>tis</strong></span> <span class='ocrx_word' id='word_1_395' title='bbox 462 4329 534 4372; x_wconf 84' lang='lat' dir='ltr'><strong>esse</strong></span> <span class='ocrx_word' id='word_1_396' title='bbox 554 4306 775 4388; x_wconf 78' lang='lat' dir='ltr'><strong>exploratum,</strong></span> <span class='ocrx_word' id='word_1_397' title='bbox 795 4317 902 4366; x_wconf 84' lang='lat' dir='ltr'><strong>atrurn</strong></span> <span class='ocrx_word' id='word_1_398' title='bbox 920 4303 1011 4365; x_wconf 88' lang='lat' dir='ltr'><strong>nnmi</strong></span> <span class='ocrx_word' id='word_1_399' title='bbox 1028 4301 1151 4366; x_wconf 83' lang='lat' dir='ltr'><strong>similes</strong></span> <span class='ocrx_word' id='word_1_400' title='bbox 1207 4306 1953 4391; x_wconf 80' lang='lat' dir='ltr'><strong>terCamdcnnminenntissecnliXVll.scrip-</strong></span> 
     </span>
     <span class='ocr_line' id='line_1_38' title="bbox 404 4405 1951 4495; baseline -0.001 -23"><span class='ocrx_word' id='word_1_401' title='bbox 404 4411 528 4492; x_wconf 84' lang='lat' dir='ltr'><strong>majore</strong></span> <span class='ocrx_word' id='word_1_402' title='bbox 543 4427 681 4470; x_wconf 86' lang='lat' dir='ltr'><strong>numero</strong></span> <span class='ocrx_word' id='word_1_403' title='bbox 697 4407 782 4468; x_wconf 91' lang='lat' dir='ltr'><strong>intra</strong></span> <span class='ocrx_word' id='word_1_404' title='bbox 796 4405 878 4467; x_wconf 87' lang='lat' dir='ltr'><strong>lines</strong></span> <span class='ocrx_word' id='word_1_405' title='bbox 895 4427 970 4467; x_wconf 90' lang='lat' dir='ltr'><strong>snos</strong></span> <span class='ocrx_word' id='word_1_406' title='bbox 985 4405 1150 4488; x_wconf 88' lang='lat' dir='ltr'><strong>reperian·</strong></span> <span class='ocrx_word' id='word_1_407' title='bbox 1206 4421 1313 4495; x_wconf 84' lang='lat' dir='ltr'><strong>torem</strong></span> <span class='ocrx_word' id='word_1_408' title='bbox 1328 4429 1426 4471; x_wconf 90' lang='lat' dir='ltr'><strong>nemo</strong></span> <span class='ocrx_word' id='word_1_409' title='bbox 1444 4409 1544 4486; x_wconf 89' lang='lat' dir='ltr'><strong>alins,</strong></span> <span class='ocrx_word' id='word_1_410' title='bbox 1562 4423 1596 4473; x_wconf 86' lang='lat' dir='ltr'><strong>et</strong></span> <span class='ocrx_word' id='word_1_411' title='bbox 1609 4429 1651 4472; x_wconf 86' lang='lat' dir='ltr'><strong>ne</strong></span> <span class='ocrx_word' id='word_1_412' title='bbox 1668 4411 1701 4470; x_wconf 90' lang='lat' dir='ltr'><strong>in</strong></span> <span class='ocrx_word' id='word_1_413' title='bbox 1717 4410 1788 4490; x_wconf 88' lang='lat' dir='ltr'><strong>ipsa</strong></span> <span class='ocrx_word' id='word_1_414' title='bbox 1807 4409 1951 4494; x_wconf 74' lang='lat' dir='ltr'><strong>quidem,</strong></span> 
     </span>
     <span class='ocr_line' id='line_1_39' title="bbox 403 4507 1952 4595; baseline -0.001 -20"><span class='ocrx_word' id='word_1_415' title='bbox 403 4527 473 4585; x_wconf 64' lang='grc' dir='ltr'><strong>πυτς</strong></span> <span class='ocrx_word' id='word_1_416' title='bbox 492 4531 565 4572; x_wconf 88' lang='lat' dir='ltr'><strong>nam</strong></span> <span class='ocrx_word' id='word_1_417' title='bbox 582 4508 609 4571; x_wconf 88' lang='lat' dir='ltr'><strong>si</strong></span> <span class='ocrx_word' id='word_1_418' title='bbox 625 4507 711 4570; x_wconf 90' lang='lat' dir='ltr'><strong>istud</strong></span> <span class='ocrx_word' id='word_1_419' title='bbox 726 4519 823 4582; x_wconf 85' lang='lat' dir='ltr'><strong>esset,</strong></span> <span class='ocrx_word' id='word_1_420' title='bbox 840 4519 1017 4589; x_wconf 77' lang='lat' dir='ltr'><strong>possentne</strong></span> <span class='ocrx_word' id='word_1_421' title='bbox 1035 4507 1150 4571; x_wconf 86' lang='lat' dir='ltr'><strong>haere·</strong></span> <span class='ocrx_word' id='word_1_422' title='bbox 1207 4509 1295 4595; x_wconf 86' lang='lat' dir='ltr'><strong>qnod</strong></span> <span class='ocrx_word' id='word_1_423' title='bbox 1315 4511 1438 4590; x_wconf 86' lang='lat' dir='ltr'><strong>norim,</strong></span> <span class='ocrx_word' id='word_1_424' title='bbox 1462 4511 1628 4575; x_wconf 87' lang='lat' dir='ltr'><strong>Britannia</strong></span> <span class='ocrx_word' id='word_1_425' title='bbox 1648 4509 1748 4586; x_wconf 81' lang='lat' dir='ltr'><strong>vidit,</strong></span> <span class='ocrx_word' id='word_1_426' title='bbox 1771 4510 1806 4570; x_wconf 89' lang='lat' dir='ltr'><strong>in</strong></span> <span class='ocrx_word' id='word_1_427' title='bbox 1827 4511 1952 4593; x_wconf 83' lang='lat' dir='ltr'><strong>spuric-</strong></span> 
     </span>
     <span class='ocr_line' id='line_1_40' title="bbox 404 4607 1949 4696; baseline 0.001 -23"><span class='ocrx_word' id='word_1_428' title='bbox 404 4633 442 4674; x_wconf 84' lang='lat' dir='ltr'><strong>ra</strong></span> <span class='ocrx_word' id='word_1_429' title='bbox 468 4611 574 4686; x_wconf 84' lang='lat' dir='ltr'><strong>dubii,</strong></span> <span class='ocrx_word' id='word_1_430' title='bbox 598 4623 707 4672; x_wconf 79' lang='lat' dir='ltr'><strong>atrum</strong></span> <span class='ocrx_word' id='word_1_431' title='bbox 731 4607 850 4670; x_wconf 86' lang='lat' dir='ltr'><strong>Gallici</strong></span> <span class='ocrx_word' id='word_1_432' title='bbox 875 4609 939 4670; x_wconf 81' lang='lat' dir='ltr'><strong>sint</strong></span> <span class='ocrx_word' id='word_1_433' title='bbox 960 4607 1083 4690; x_wconf 85' lang='lat' dir='ltr'><strong>potins,</strong></span> <span class='ocrx_word' id='word_1_434' title='bbox 1107 4631 1147 4672; x_wconf 84' lang='lat' dir='ltr'><strong>an</strong></span> <span class='ocrx_word' id='word_1_435' title='bbox 1205 4633 1279 4674; x_wconf 85' lang='lat' dir='ltr'><strong>rnrn</strong></span> <span class='ocrx_word' id='word_1_436' title='bbox 1302 4614 1604 4696; x_wconf 39' lang='lat' dir='ltr'><strong>numero-habere,</strong></span> <span class='ocrx_word' id='word_1_437' title='bbox 1635 4611 1764 4694; x_wconf 79' lang='lat' dir='ltr'><strong>juvante</strong></span> <span class='ocrx_word' id='word_1_438' title='bbox 1787 4614 1884 4676; x_wconf 83' lang='lat' dir='ltr'><strong>ctiam</strong></span> <span class='ocrx_word' id='word_1_439' title='bbox 1909 4613 1949 4677; x_wconf 82' lang='lat' dir='ltr'><strong>ad</strong></span> 
     </span>
     <span class='ocr_line' id='line_1_41' title="bbox 403 4701 1946 4798; baseline 0.002 -23"><span class='ocrx_word' id='word_1_440' title='bbox 403 4701 605 4776; x_wconf 84' lang='lat' dir='ltr'><strong>Britannici?</strong></span> <span class='ocrx_word' id='word_1_441' title='bbox 633 4711 682 4775; x_wconf 89' lang='lat' dir='ltr'><strong>Cl.</strong></span> <span class='ocrx_word' id='word_1_442' title='bbox 698 4709 845 4773; x_wconf 80' lang='lat' dir='ltr'><strong>Sentinas</strong></span> <span class='ocrx_word' id='word_1_443' title='bbox 866 4729 981 4774; x_wconf 82' lang='lat' dir='ltr'><strong>omnes</strong></span> <span class='ocrx_word' id='word_1_444' title='bbox 1006 4711 1066 4773; x_wconf 87' lang='lat' dir='ltr'><strong>hos</strong></span> <span class='ocrx_word' id='word_1_445' title='bbox 1090 4728 1149 4774; x_wconf 86' lang='lat' dir='ltr'><strong>nn·</strong></span> <span class='ocrx_word' id='word_1_446' title='bbox 1205 4713 1421 4798; x_wconf 79' lang='lat' dir='ltr'><strong>detegendam</strong></span> <span class='ocrx_word' id='word_1_447' title='bbox 1451 4715 1610 4778; x_wconf 84' lang='lat' dir='ltr'><strong>fallaciam</strong></span> <span class='ocrx_word' id='word_1_448' title='bbox 1634 4713 1850 4798; x_wconf 90' lang='lat' dir='ltr'><strong>inscriptione</strong></span> <span class='ocrx_word' id='word_1_449' title='bbox 1876 4719 1946 4779; x_wconf 86' lang='lat' dir='ltr'><strong>Til.</strong></span> 
     </span>
     <span class='ocr_line' id='line_1_42' title="bbox 314 4811 1949 4899; baseline 0.001 -21"><span class='ocrx_word' id='word_1_450' title='bbox 314 4853 319 4858; x_wconf 93' lang='lat'>·</span> <span class='ocrx_word' id='word_1_451' title='bbox 404 4836 475 4878; x_wconf 89' lang='lat' dir='ltr'><strong>mos</strong></span> <span class='ocrx_word' id='word_1_452' title='bbox 490 4811 686 4876; x_wconf 85' lang='lat' dir='ltr'><strong>Canobelini</strong></span> <span class='ocrx_word' id='word_1_453' title='bbox 703 4811 834 4876; x_wconf 89' lang='lat' dir='ltr'><strong>nominc</strong></span> <span class='ocrx_word' id='word_1_454' title='bbox 853 4825 980 4876; x_wconf 86' lang='lat' dir='ltr'><strong>notatos</strong></span> <span class='ocrx_word' id='word_1_455' title='bbox 998 4835 1060 4899; x_wconf 90' lang='lat' dir='ltr'><strong>pro</strong></span> <span class='ocrx_word' id='word_1_456' title='bbox 1075 4813 1148 4876; x_wconf 89' lang='lat' dir='ltr'><strong>Bri·</strong></span> <span class='ocrx_word' id='word_1_457' title='bbox 1203 4815 1240 4876; x_wconf 88' lang='lat' dir='ltr'><strong>P.</strong></span> <span class='ocrx_word' id='word_1_458' title='bbox 1261 4817 1332 4881; x_wconf 75' lang='grc' dir='ltr'><strong>ΧΗ.</strong></span> <span class='ocrx_word' id='word_1_459' title='bbox 1352 4818 1440 4880; x_wconf 84' lang='grc' dir='ltr'><strong>ΙΜΡ.</strong></span> <span class='ocrx_word' id='word_1_460' title='bbox 1458 4817 1561 4882; x_wconf 80' lang='lat' dir='ltr'><strong>xttx.</strong></span> <span class='ocrx_word' id='word_1_461' title='bbox 1587 4835 1658 4880; x_wconf 87' lang='lat' dir='ltr'><strong>cnm</strong></span> <span class='ocrx_word' id='word_1_462' title='bbox 1684 4829 1829 4890; x_wconf 81' lang='lat' dir='ltr'><strong>constet,</strong></span> <span class='ocrx_word' id='word_1_463' title='bbox 1856 4818 1949 4886; x_wconf 81' lang='lat' dir='ltr'><strong>Glan-</strong></span> 
     </span>
    </p>
   </div>
   <div class='ocr_carea' id='block_1_5' title="bbox 1912 681 2100 3542">
    <p class='ocr_par' dir='ltr' id='par_1_9' title="bbox 1912 47 2100 3542">
     <span class='ocr_line' id='line_1_43' title="bbox 1912 681 1922 698; baseline -0.005 671"><span class='ocrx_word' id='word_1_464' title='bbox 1912 681 1922 698; x_wconf 33' lang='grc' dir='ltr'><strong>Χ</strong></span> 
     </span>
     <span class='ocr_line' id='line_1_44' title="bbox 2099 1391 2100 1412; baseline 0 0"><span class='ocrx_word' id='word_1_465' title='bbox 2099 1391 2100 1412; x_wconf 88' lang='lat' dir='ltr'><strong>l</strong></span> 
     </span>
     <span class='ocr_line' id='line_1_45' title="bbox 2099 2715 2100 2740; baseline 0 0"><span class='ocrx_word' id='word_1_466' title='bbox 2099 2715 2100 2740; x_wconf 86' lang='lat' dir='ltr'><strong>l</strong></span> 
     </span>
     <span class='ocr_line' id='line_1_46' title="bbox 2099 3491 2100 3514; baseline 0 0"><span class='ocrx_word' id='word_1_467' title='bbox 2099 3491 2100 3514; x_wconf 88' lang='lat' dir='ltr'><strong>l</strong></span> 
     </span>
     <span class='ocr_line' id='line_1_47' title="bbox 2099 3525 2100 3542; baseline 0 0"><span class='ocrx_word' id='word_1_468' title='bbox 2099 3525 2100 3542; x_wconf 71' lang='lat' dir='ltr'><strong>t</strong></span> 
     </span>
    </p>
   </div>
   <div class='ocr_carea' id='block_1_6' title="bbox 0 0 2118 5500">
    <p class='ocr_par' dir='ltr' id='par_1_10' title="bbox 0 0 2118 5500">
     <span class='ocr_line' id='line_1_48' title="bbox 0 0 2118 5500; baseline 0 2"><span class='ocrx_word' id='word_1_469' title='bbox 0 0 2118 5500; x_wconf 95' lang='lat' dir='ltr'><strong> </strong></span> 
     </span>
    </p>
   </div>
  </div>
 </body>
</html>
