4244 5484
371 485 395 530 s
501 429 575 508 oe
616 427 964 508 ‘relevatura
1005 373 1375 508 rorusrsra.

161 641 235 694 cunt
259 635 367 686 tamen
387 621 420 684 in
443 619 532 683 omui
562 618 722 681 sententia
744 613 908 705 repugnet

160 724 350 788 consulatus
373 725 513 808 simplex
537 723 730 803 conjunctus
756 741 828 782 eum
854 720 931 783 tri·-

158 829 283 889 huuattt
304 829 346 889 ll.
389 830 425 888 lo
456 827 563 888 nuruis
590 825 669 887 item
699 823 801 886 obviis
832 824 908 884 Ale·

156 929 276 992 xandri
299 929 375 992 Ser.
399 928 522 1011 legitur
543 927 612 991 ΤΗ,
626 929 662 988 Ρ.
680 927 720 987 ll.
743 927 907 1002 c08.11.,

125 1019 128 1024 ¹
156 1053 233 1094 cum
248 1047 375 1104 tamen,
399 1024 581 1112 cuicunque
605 1042 639 1092 te
665 1027 811 1116 opinioni
834 1047 908 1110 per-

156 1137 288 1210 mittas,
323 1132 505 1194 tribunatus
544 1134 584 1196 11.
622 1150 697 1192 eum
737 1129 908 1194 consulatu

155 1237 195 1298 ll.
215 1234 371 1318 componi
385 1254 449 1296 nun
467 1233 579 1318 possit.
604 1229 676 1308 ,sd
694 1229 775 1294 haec
798 1247 834 1295 ut
854 1253 902 1296 exs

156 1351 245 1400 stant
275 1337 384 1414 numi,
417 1337 472 1421 qui
503 1333 716 1398 adversantur
738 1335 907 1397 sententiis

156 1439 329 1514 omuibus,
359 1439 402 1502 ita
434 1450 510 1500 sunt
538 1457 767 1520 nonnunquam
800 1437 906 1514 etiam,
939 1465 940 1475 ι

156 1543 216 1626 qui
239 1556 314 1604 tuae
335 1552 521 1624 repugnent
545 1539 732 1614 doctrinae,
766 1551 799 1600 et
820 1537 909 1601 fave·

156 1658 215 1708 ant
244 1642 414 1706 adversae.
458 1640 546 1734 Quid
577 1639 617 1702 ad
640 1640 699 1701 hos
722 1661 798 1702 sana
821 1640 907 1702 criti·

157 1745 223 1809 cs?
266 1745 429 1807 Nimirum
461 1745 578 1810 eodem
610 1763 684 1806 cum
715 1743 781 1804 illis
809 1742 907 1806 modo

157 1861 237 1930 aget
260 1847 373 1910 critica
395 1847 560 1922 numeria,
586 1865 650 1928 quo
674 1864 909 1928 oumpugnan·

157 1952 249 2012 tibus
280 1950 475 2031 scriptorum
507 1943 699 2011 testimoniis
727 1946 840 2010 critica
863 1945 935 2008 hin

156 2056 292 2118 storius.
336 2055 479 2114 Necesse
494 2051 684 2134 cumprimis
701 2049 910 2112 eritc'ircum·

1627 455 1709 531 ‘403

964 617 1156 702 praeierunt
1194 620 1284 684 numi
1317 619 1536 698 Antiocheui,
1580 601 1712 708 ll'rajs'ui
1779 711 1781 714 Ι

964 724 1071 798 XXL,
1096 737 1178 806 qnae
1199 723 1348 786 omnihus
1363 721 1596 808 chronologiae
1620 749 1713 809 prae·

966 825 1070 919 ceptis
1088 817 1201 908 apes-te
1219 818 1413 918 repugnant.
1457 826 1713 921 Quarequales·

965 945 1093 1010 cunque
1109 927 1143 988 hi
1158 927 1270 989 obices
1285 948 1350 989 non
1367 927 1489 992 debent
1512 929 1712 1010 absterrere,
1805 985 1811 994 .

967 1047 1031 1112 quo
1050 1029 1155 1090 minus
1171 1029 1488 1093 institutumoursum
1499 1048 1712 1116 peragamust

964 1151 1074 1216 neque
1093 1131 1179 1194 enirn
1200 1145 1272 1193 cum
1285 1129 1454 1194 doctrinae
1470 1134 1651 1218 cujuspiam
1667 1137 1714 1200 le·

967 1253 1024 1320 ges
1046 1232 1198 1315 ligimus,
1227 1223 1308 1293 illud
1331 1233 1424 1296 auxie
1443 1236 1576 1298 nimium
1602 1223 1639 1300 ao
1662 1261 1715 1304 re·

966 1338 1084 1419 ligicse
1124 1348 1324 1419 spectamus,
1347 1337 1441 1420 quid
1479 1359 1712 1424 nonnunquam

966 1438 1056 1521 lege
1075 1432 1332 1500 extraordinaria
1362 1437 1463 1502 suerit
1487 1439 1713 1519 constitutum,
1835 1471 1836 1474 ¹

966 1539 1064 1606 modo
1084 1541 1194 1620 legem
1217 1539 1410 1603 ordinariam
1428 1543 1533 1608 solide
1551 1545 1724 1610 stabilite·-

966 1644 1077 1706 rimus.
1122 1639 1254 1706 Etenim
1288 1642 1343 1704 ubi
1373 1645 1468 1727 plana
1498 1639 1604 1709 omnia
1628 1663 1713 1728 sunt,

965 1745 1112 1829 nihilque
1122 1743 1332 1826 impeditum,
1357 1731 1501 1828 legibus,
1523 1745 1718 1835 regulisque

968 1867 1048 1931 opus
1071 1865 1137 1907 non
1161 1862 1229 1924 est,
1261 1867 1299 1910 ac
1329 1861 1407 1912 tunc
1428 1849 1559 1912 demum
1583 1843 1642 1918 has
1662 1873 1715 1917 re·

967 1949 1141 2030 spicimus,
1161 1969 1246 2026 ,cum
1270 1948 1399 2012 amoliri
1429 1949 1715 2017 dissertaturos

968 2049 1091 2134 pimus,
1125 2071 1206 2133 quae
1238 2071 1365 2114 eausam
1390 2052 1589 2136 impediunt,
1622 2069 1656 2117 et
1688 2056 1716 2118 si

157 2157 292 2240 spicere
336 2151 466 2228 modos,
511 2153 627 2236 quibus
658 2151 790 2212 dissidia
828 2149 909 2213 haec
968 2175 1031 2236 qua
1045 2167 1093 2216 est
1113 2153 1271 2215 sententia
1288 2145 1523 2232 ejusnaturse,
1546 2171 1581 2219 ut
1600 2158 1715 2241 magis,

157 2257 288 2340 possint
317 2254 504 2329 conciliari,
536 2269 571 2315 ut
601 2275 677 2316 sanc
708 2251 820 2338 reperi
843 2271 911 2312 sno·
969 2274 1288 2341 quamquaecunque
1304 2255 1385 2331 alia,
1408 2258 1715 2340 molestiaseximat,

158 2361 224 2423 dos
259 2377 463 2442 nequaquam
498 2355 688 2433 uiolentos,
714 2355 773 2416 sed
812 2353 909 2436 plane
968 2357 1055 2419 illarn
1075 2371 1109 2418 ut
1123 2355 1333 2439 arripiamus,
1354 2371 1609 2444 teneamusque,
1631 2363 1745 2427 ratio·

159 2459 374 2543 probabiles,
403 2459 519 2542 quibus
542 2458 751 2521 refractarios
780 2459 814 2517 in
837 2475 909 2539 spe·
967 2459 1117 2543 imperat.
1418 2463 1420 2466 ’
1669 2454 1690 2524 ἰ

159 2567 251 2626 ciem
280 2559 438 2635 Macrini,
470 2573 504 2622 et
535 2557 714 2622 Alexandri
746 2560 822 2622 Ser.
852 2577 911 2620 uu·
1030 2561 1207 2634 REGVLA
1232 2563 1273 2632 V.
1306 2567 1417 2626 Vtrum
1435 2565 1719 2643 imperotoresali-

158 2676 253 2740 utos,
287 2681 369 2746 quos
406 2662 505 2724 modo
536 2664 651 2738 citavi,
695 2664 729 2724 in
759 2659 909 2724 ordinem
969 2685 1031 2747 qen
1058 2666 1146 2724 intro
1172 2669 1306 2726 eusdem
1330 2685 1449 2724 aessens
1471 2667 1636 2730 lulianum
1663 2674 1717 2734 die

159 2767 365 2850 redigerem.
410 2765 468 2828 Sin
499 2763 584 2825 istud
618 2785 684 2825 non
707 2763 854 2836 dabitur,
876 2761 911 2823 id
964 2775 1041 2844 post
1054 2767 1219 2854 Kalendas
1239 2768 1416 2826 Ianuarias
1438 2768 1627 2830 iteraverint
1642 2773 1717 2835 trib.

161 2889 271 2955 genus
292 2867 382 2930 numi
402 2881 497 2930 erunt
516 2867 548 2926 iu
572 2866 737 2928 indomitis
759 2865 910 2936 habendi,
963 2876 1173 2945 potestatem,
1205 2869 1380 2928 certissime
1404 2869 1725 2932 decenttribonotus'

158 2991 273 3054 noque
289 2969 561 3056 permittendum,
584 2983 619 3031 ut
640 2969 736 3032 unius
758 2969 832 3031 anni
847 2966 911 3028 dis·
968 2986 1040 3030 eams
1057 2969 1276 3029 consulatibus
1294 2969 1471 3048 compositi.

160 3073 348 3138 sentientes
369 3072 458 3134 nansi
481 3087 622 3146 certam,
645 3069 808 3154 lixamque
833 3069 912 3132 alio·
1033 3067 1225 3130 Doctriuam
1263 3068 1345 3130 hanc
1380 3067 1434 3132 rel
1460 3088 1527 3132 uuo
1559 3071 1714 3157 exemplo

160 3199 240 3239 rum
272 3195 429 3240 susorum
460 3175 569 3256 legem
608 3184 766 3235 evertant.
809 3171 912 3233 Multa
969 3169 1164 3232 stabilivisse
1195 3170 1271 3232 satis
1301 3167 1375 3232 erit.
1398 3170 1555 3234 ,Exstant
1587 3173 1714 3255 copiosi

160 3292 261 3353 snut,
284 3290 318 3339 et
339 3276 553 3339 essedebent
574 3275 606 3336 in
630 3271 826 3356 antiquitatis
848 3285 913 3335 stu·
969 3271 1147 3350 Domitiani
1166 3271 1273 3347 numi,
1307 3291 1445 3356 quorum
1475 3270 1719 3337 aliionmcou·

161 3381 224 3444 dio
247 3379 390 3459 incerta,
421 3378 538 3450 dubia,
570 3389 603 3440 et
626 3377 711 3440 male
733 3375 913 3440 cohaeren-
970 3375 1075 3438 sulatu
1091 3375 1178 3436 xltt.
1200 3373 1401 3459 conjungunt
1419 3376 1489 3440 Tu.
1516 3375 1640 3456 ttvt,
1662 3377 1720 3441 alii

128 3481 229 3562 ‚tia,
281 3481 371 3564 cujus
413 3481 588 3564 praecipua
640 3479 752 3562 utique
805 3498 910 3552 caasa,
973 3477 1096 3544 TR.P‚.
1117 3477 1189 3544 Vll.
1233 3478 1299 3537 Iam
1322 3495 1402 3539 sero
1423 3492 1549 3542 certum
1570 3492 1640 3556 est,
1661 3501 1721 3542 nu·

162 3581 257 3668 quod
299 3583 450 3666 plerique
487 3597 635 3646 veterum
675 3577 912 3654 commentarii,
972 3576 1720 3665 snosutrolibetmodoinseriptosuniusesse
1851 3651 1854 3660 ,

161 3687 224 3773 qui
255 3685 353 3748 dubia
385 3685 467 3748 haec
498 3683 712 3766 expedirent,
743 3681 913 3743 interiere.
973 3680 1048 3742 anni
1072 3679 1207 3756 iuliani,
1237 3680 1390 3742 nimirum
1413 3684 1452 3750 V.
1473 3685 1506 3748 C.
1528 3685 1604 3758 840.
1646 3686 1722 3747 Non

157 3788 348 3854 Enimvero
358 3787 586 3862 sortitionem,
610 3805 675 3871 quo
692 3795 802 3846 essent
816 3781 915 3846 modo
973 3795 1108 3866 possunt
1122 3803 1195 3846 esse
1211 3786 1284 3845 anni
1296 3784 1525 3868 praecedentis
1541 3785 1622 3870 839,
1645 3806 1721 3850 uam

161 3889 358 3974 explicandi
382 3889 470 3950 nami
501 3889 656 3964 Macrini,
693 3905 831 3971 quorum
861 3883 917 3949 alii
973 3899 1040 3948 tum
1061 3885 1339 3962 isiacosxtt..
1363 3907 1470 3972 neque
1494 3887 1722 3972 annisequeu·

160 3993 254 4056 intra
271 3991 413 4055 cundem
425 4011 544 4054 anuum
557 3991 716 4053 lulianum
734 3987 917 4052 inscribunt
973 3988 1015 4051 tis
1033 3989 1091 4077 llas
1106 4021 1126 4065 ,·
1138 4009 1211 4049 nam
1233 4001 1299 4050 tum
1323 3989 1385 4051 luit
1413 3989 1511 4054 (208.
1529 3991 1616 4060 xlv.
1659 3990 1722 4050 Er·

162 4093 266 4160 COS.
299 4093 457 4177 simplex,
492 4093 547 4154 alii
574 4090 669 4156 COS.
698 4095 756 4167 ll.,
787 4091 850 4153 nisi
872 4105 918 4154 ta·
975 4109 1018 4171 go
1054 4091 1259 4154 Domitianus
1297 4091 1380 4154 intra
1419 4089 1560 4154 eundem
1600 4109 1719 4154 annom

164 4195 321 4260 centibus
340 4193 597 4258 historicis-aliis
623 4193 848 4258 difficultatem
871 4193 918 4256 le·
974 4191 1153 4268 Iulianum,
1176 4205 1209 4253 et
1231 4190 1322 4254 binas
1347 4191 1513 4256 Kalendas
1535 4193 1601 4256 lau.
1623 4211 1722 4255 reno·

162 4299 375 4363 vassetDio.
419 4298 527 4382 Atque
550 4297 668 4360 horum
701 4298 845 4360 omnium
869 4311 917 4360 te·
974 4285 1061 4360 satit
1084 4293 1291 4358 tribunatum.
1337 4293 1427 4357 Idem
1458 4293 1569 4357 elucet
1600 4314 1641 4357 ex
1663 4315 1722 4358 uu·

161 4403 320 4466 stimouia
343 4399 372 4463 si
392 4413 621 4481 superessent,
650 4399 738 4463 forte
759 4401 916 4463 sciremus
974 4398 1035 4461 mis
1065 4398 1250 4480 Caligulae,
1295 4395 1380 4474 Titi,
1417 4397 1634 4482 aliorumque}
1676 4397 1721 4458 At

163 4505 288 4582 edam,
311 4517 483 4588 quopacto
494 4498 685 4586 explicanda
701 4504 741 4565 sit
758 4515 812 4567 ant
822 4507 918 4567 Gom·
975 4501 1062 4564 enim
1083 4500 1253 4585 praeclara
1282 4499 1363 4563 haec
1387 4499 1427 4562 ad
1450 4500 1621 4592 secandam
1637 4499 1720 4562 hana

164 4607 259 4674 modi
280 4605 359 4671 trib.
383 4619 528 4690 potestas
554 4607 690 4685 xvm..
719 4607 798 4685 aut,
822 4627 917 4694 quam
974 4601 1156 4668 iterationis
1177 4601 1271 4668 litem
1293 4601 1437 4678 subsidia
1458 4602 1647 4687 saepissime
1665 4599 1720 4664 do-

1371 4701 1517 4769 lices
