<?xml version="1.0" encoding="UTF-8"?>
<!DOCTYPE html PUBLIC "-//W3C//DTD XHTML 1.0 Transitional//EN"
    "http://www.w3.org/TR/xhtml1/DTD/xhtml1-transitional.dtd">
<html xmlns="http://www.w3.org/1999/xhtml" xml:lang="en" lang="en">
 <head>
  <title>
</title>
<meta http-equiv="Content-Type" content="text/html;charset=utf-8" />
  <meta name='ocr-system' content='tesseract 3.04.00' />
  <meta name='ocr-capabilities' content='ocr_page ocr_carea ocr_par ocr_line ocrx_word'/>
</head>
<body>
  <div class='ocr_page' id='page_1' title='image "./doctrinanumorum01hohlgoog_0529.png"; bbox 0 0 4206 5482; ppageno 0'>
   <div class='ocr_carea' id='block_1_1' title="bbox 438 447 1519 546">
    <p class='ocr_par' dir='ltr' id='par_1_1' title="bbox 438 447 1519 546">
     <span class='ocr_line' id='line_1_1' title="bbox 438 447 1519 546; baseline -0.005 -19"><span class='ocrx_word' id='word_1_1' title='bbox 438 481 509 546; x_wconf 72' lang='lat'>5⁰⁸</span> <span class='ocrx_word' id='word_1_2' title='bbox 875 495 878 510; x_wconf 91' lang='lat'>·</span> <span class='ocrx_word' id='word_1_3' title='bbox 1016 449 1242 526; x_wconf 76' lang='lat' dir='ltr'><strong>&#39;GAPVT</strong></span> <span class='ocrx_word' id='word_1_4' title='bbox 1277 449 1377 526; x_wconf 78' lang='lat' dir='ltr'>XVI.</span> <span class='ocrx_word' id='word_1_5' title='bbox 1443 447 1448 458; x_wconf 78' lang='grc'>’</span> <span class='ocrx_word' id='word_1_6' title='bbox 1510 513 1519 522; x_wconf 91' lang='grc'>.</span> 
     </span>
    </p>
   </div>
   <div class='ocr_carea' id='block_1_2' title="bbox 363 629 1967 1330">
    <p class='ocr_par' dir='ltr' id='par_1_2' title="bbox 363 629 1966 1130">
     <span class='ocr_line' id='line_1_2' title="bbox 499 629 1965 721; baseline -0.009 -15"><span class='ocrx_word' id='word_1_7' title='bbox 499 637 620 706; x_wconf 79' lang='lat' dir='ltr'>Eidem</span> <span class='ocrx_word' id='word_1_8' title='bbox 634 633 734 698; x_wconf 86' lang='lat' dir='ltr'>dubie</span> <span class='ocrx_word' id='word_1_9' title='bbox 749 633 886 716; x_wconf 79' lang='lat' dir='ltr'>subjicio</span> <span class='ocrx_word' id='word_1_10' title='bbox 902 633 998 700; x_wconf 82' lang='lat' dir='ltr'>etiam</span> <span class='ocrx_word' id='word_1_11' title='bbox 1012 648 1105 698; x_wconf 90' lang='lat' dir='ltr'>notas</span> <span class='ocrx_word' id='word_1_12' title='bbox 1117 633 1183 696; x_wconf 83' lang='lat' dir='ltr'>HK</span> <span class='ocrx_word' id='word_1_13' title='bbox 1241 631 1404 716; x_wconf 68' lang='lat' dir='ltr'>gementis</span> <span class='ocrx_word' id='word_1_14' title='bbox 1418 629 1574 694; x_wconf 78' lang='lat' dir='ltr'>&#39;reiutsnit</span> <span class='ocrx_word' id='word_1_15' title='bbox 1594 629 1747 696; x_wconf 84' lang='lat' dir='ltr'>lobertns</span> <span class='ocrx_word' id='word_1_16' title='bbox 1757 631 1810 716; x_wconf 64' lang='grc' dir='ltr'>θ),</span> <span class='ocrx_word' id='word_1_17' title='bbox 1827 655 1905 721; x_wconf 61' lang='grc' dir='ltr'>φη</span> <span class='ocrx_word' id='word_1_18' title='bbox 1920 661 1965 706; x_wconf 68' lang='grc' dir='ltr'>η.</span> 
     </span>
     <span class='ocr_line' id='line_1_3' title="bbox 363 732 1965 820; baseline 0.001 -16"><span class='ocrx_word' id='word_1_19' title='bbox 363 763 369 776; x_wconf 84' lang='grc'><em>·</em></span> <span class='ocrx_word' id='word_1_20' title='bbox 433 739 594 804; x_wconf 77' lang='lat' dir='ltr'>hnnmie</span> <span class='ocrx_word' id='word_1_21' title='bbox 611 737 758 802; x_wconf 82' lang='lat' dir='ltr'>Heraclii</span> <span class='ocrx_word' id='word_1_22' title='bbox 775 740 817 813; x_wconf 87' lang='lat'>1.,</span> <span class='ocrx_word' id='word_1_23' title='bbox 840 732 1084 800; x_wconf 68' lang='lat' dir='ltr'>(itliirrunmis</span> <span class='ocrx_word' id='word_1_24' title='bbox 1098 735 1184 798; x_wconf 83' lang='lat' dir='ltr'>Pho·</span> <span class='ocrx_word' id='word_1_25' title='bbox 1211 735 1376 798; x_wconf 71' lang='grc' dir='ltr'>·ιιίωεη</span> <span class='ocrx_word' id='word_1_26' title='bbox 1404 751 1524 816; x_wconf 85' lang='lat' dir='ltr'>operae</span> <span class='ocrx_word' id='word_1_27' title='bbox 1555 734 1695 816; x_wconf 87' lang='lat' dir='ltr'>pretium</span> <span class='ocrx_word' id='word_1_28' title='bbox 1725 755 1792 796; x_wconf 89' lang='lat' dir='ltr'>nnn</span> <span class='ocrx_word' id='word_1_29' title='bbox 1817 741 1965 820; x_wconf 67' lang='lat' dir='ltr'>cantino,</span> 
     </span>
     <span class='ocr_line' id='line_1_4' title="bbox 434 835 1964 922; baseline 0 -15"><span class='ocrx_word' id='word_1_30' title='bbox 434 861 516 918; x_wconf 83' lang='lat' dir='ltr'>ese,</span> <span class='ocrx_word' id='word_1_31' title='bbox 538 842 594 904; x_wconf 83' lang='lat' dir='ltr'>CN</span> <span class='ocrx_word' id='word_1_32' title='bbox 618 840 650 899; x_wconf 91' lang='lat' dir='ltr'>in</span> <span class='ocrx_word' id='word_1_33' title='bbox 672 837 779 900; x_wconf 89' lang='lat' dir='ltr'>nnmis</span> <span class='ocrx_word' id='word_1_34' title='bbox 800 837 913 899; x_wconf 91' lang='lat' dir='ltr'>lustini</span> <span class='ocrx_word' id='word_1_35' title='bbox 931 839 973 914; x_wconf 89' lang='lat'>1.‚</span> <span class='ocrx_word' id='word_1_36' title='bbox 1001 836 1181 920; x_wconf 75' lang='lat' dir='ltr'>dequibus</span> <span class='ocrx_word' id='word_1_37' title='bbox 1239 857 1315 902; x_wconf 86' lang='lat' dir='ltr'>cnm</span> <span class='ocrx_word' id='word_1_38' title='bbox 1345 837 1399 898; x_wconf 81' lang='lat' dir='ltr'>rix</span> <span class='ocrx_word' id='word_1_39' title='bbox 1429 855 1502 898; x_wconf 88' lang='lat' dir='ltr'>esse</span> <span class='ocrx_word' id='word_1_40' title='bbox 1531 847 1661 919; x_wconf 86' lang='lat' dir='ltr'>putem,</span> <span class='ocrx_word' id='word_1_41' title='bbox 1696 835 1754 922; x_wconf 81' lang='lat' dir='ltr'>qui</span> <span class='ocrx_word' id='word_1_42' title='bbox 1787 845 1964 907; x_wconf 73' lang='lat' dir='ltr'>sementim</span> 
     </span>
     <span class='ocr_line' id='line_1_5' title="bbox 436 933 1965 1028; baseline -0.003 -22"><span class='ocrx_word' id='word_1_43' title='bbox 436 943 492 1028; x_wconf 69' lang='lat' dir='ltr'>egi</span> <span class='ocrx_word' id='word_1_44' title='bbox 513 943 548 1004; x_wconf 91' lang='lat' dir='ltr'>in</span> <span class='ocrx_word' id='word_1_45' title='bbox 569 953 702 1004; x_wconf 86' lang='lat' dir='ltr'>monete</span> <span class='ocrx_word' id='word_1_46' title='bbox 722 939 888 1016; x_wconf 79' lang='lat' dir='ltr'>Heraclii,</span> <span class='ocrx_word' id='word_1_47' title='bbox 911 953 945 1002; x_wconf 89' lang='lat' dir='ltr'>et</span> <span class='ocrx_word' id='word_1_48' title='bbox 966 939 1134 1004; x_wconf 85' lang='lat' dir='ltr'>iustiniani</span> <span class='ocrx_word' id='word_1_49' title='bbox 1156 939 1182 1000; x_wconf 89' lang='lat'>1.</span> <span class='ocrx_word' id='word_1_50' title='bbox 1240 939 1322 1002; x_wconf 87' lang='lat' dir='ltr'>hanc</span> <span class='ocrx_word' id='word_1_51' title='bbox 1344 935 1526 1022; x_wconf 79' lang='lat' dir='ltr'>adprobare</span> <span class='ocrx_word' id='word_1_52' title='bbox 1549 933 1679 1010; x_wconf 84' lang='lat' dir='ltr'>volent,</span> <span class='ocrx_word' id='word_1_53' title='bbox 1709 951 1744 998; x_wconf 89' lang='lat' dir='ltr'>et</span> <span class='ocrx_word' id='word_1_54' title='bbox 1773 941 1894 1026; x_wconf 88' lang='lat' dir='ltr'>cupidis</span> <span class='ocrx_word' id='word_1_55' title='bbox 1919 966 1965 1026; x_wconf 72' lang='lat' dir='ltr'>pa-</span> 
     </span>
     <span class='ocr_line' id='line_1_6' title="bbox 714 1037 1966 1130; baseline 0 -28"><span class='ocrx_word' id='word_1_56' title='bbox 714 1085 735 1126; x_wconf 58' lang='lat'><em>4</em></span> <span class='ocrx_word' id='word_1_57' title='bbox 797 1043 817 1081; x_wconf 54' lang='grc' dir='ltr'><strong>θ</strong></span> <span class='ocrx_word' id='word_1_58' title='bbox 861 1047 897 1126; x_wconf 67' lang='grc'>”,</span> <span class='ocrx_word' id='word_1_59' title='bbox 1237 1037 1531 1104; x_wconf 84' lang='lat' dir='ltr'>teatadlendatum</span> <span class='ocrx_word' id='word_1_60' title='bbox 1553 1051 1720 1099; x_wconf 73' lang='lat' dir='ltr'>auctorem</span> <span class='ocrx_word' id='word_1_61' title='bbox 1741 1039 1854 1106; x_wconf 85' lang='lat' dir='ltr'>aditos.</span> <span class='ocrx_word' id='word_1_62' title='bbox 1876 1047 1966 1130; x_wconf 73' lang='lat' dir='ltr'>ipsiu</span> 
     </span>
    </p>

    <p class='ocr_par' dir='ltr' id='par_1_3' title="bbox 433 1139 1967 1330">
     <span class='ocr_line' id='line_1_7' title="bbox 498 1139 1967 1224; baseline -0.002 -16"><span class='ocrx_word' id='word_1_63' title='bbox 498 1142 686 1210; x_wconf 76' lang='lat' dir='ltr'>Succedunt</span> <span class='ocrx_word' id='word_1_64' title='bbox 703 1143 793 1206; x_wconf 86' lang='lat' dir='ltr'>numi</span> <span class='ocrx_word' id='word_1_65' title='bbox 812 1141 906 1206; x_wconf 88' lang='lat' dir='ltr'>aenei</span> <span class='ocrx_word' id='word_1_66' title='bbox 925 1142 1030 1206; x_wconf 86' lang='lat' dir='ltr'>omnia</span> <span class='ocrx_word' id='word_1_67' title='bbox 1051 1141 1178 1206; x_wconf 79' lang='lat' dir='ltr'>iormse</span> <span class='ocrx_word' id='word_1_68' title='bbox 1236 1141 1372 1206; x_wconf 80' lang='lat' dir='ltr'>leberti·</span> <span class='ocrx_word' id='word_1_69' title='bbox 1389 1140 1431 1204; x_wconf 87' lang='lat' dir='ltr'>de</span> <span class='ocrx_word' id='word_1_70' title='bbox 1462 1141 1513 1201; x_wconf 87' lang='lat' dir='ltr'>his</span> <span class='ocrx_word' id='word_1_71' title='bbox 1544 1139 1654 1224; x_wconf 87' lang='lat' dir='ltr'>opinio</span> <span class='ocrx_word' id='word_1_72' title='bbox 1684 1141 1807 1224; x_wconf 74' lang='lat' dir='ltr'>iuit²):</span> <span class='ocrx_word' id='word_1_73' title='bbox 1844 1147 1893 1210; x_wconf 82' lang='lat' dir='ltr'>iria</span> <span class='ocrx_word' id='word_1_74' title='bbox 1919 1172 1967 1213; x_wconf 78' lang='lat' dir='ltr'>nn.</span> 
     </span>
     <span class='ocr_line' id='line_1_8' title="bbox 433 1240 1962 1330; baseline 0.001 -20"><span class='ocrx_word' id='word_1_75' title='bbox 433 1245 511 1310; x_wconf 83' lang='lat' dir='ltr'>inde</span> <span class='ocrx_word' id='word_1_76' title='bbox 534 1245 574 1310; x_wconf 90' lang='lat' dir='ltr'>ab</span> <span class='ocrx_word' id='word_1_77' title='bbox 598 1245 786 1320; x_wconf 79' lang='lat' dir='ltr'>Anastasio,</span> <span class='ocrx_word' id='word_1_78' title='bbox 812 1257 848 1307; x_wconf 87' lang='lat' dir='ltr'>et</span> <span class='ocrx_word' id='word_1_79' title='bbox 868 1265 931 1328; x_wconf 83' lang='lat' dir='ltr'>pet·</span> <span class='ocrx_word' id='word_1_80' title='bbox 951 1245 1100 1330; x_wconf 84' lang='lat' dir='ltr'>proxima</span> <span class='ocrx_word' id='word_1_81' title='bbox 1121 1245 1180 1306; x_wconf 90' lang='lat' dir='ltr'>im·</span> <span class='ocrx_word' id='word_1_82' title='bbox 1237 1245 1278 1308; x_wconf 87' lang='lat' dir='ltr'>tis</span> <span class='ocrx_word' id='word_1_83' title='bbox 1296 1243 1434 1306; x_wconf 86' lang='lat' dir='ltr'>indiesri</span> <span class='ocrx_word' id='word_1_84' title='bbox 1455 1240 1596 1328; x_wconf 88' lang='lat' dir='ltr'>pretium</span> <span class='ocrx_word' id='word_1_85' title='bbox 1619 1245 1725 1320; x_wconf 81' lang='lat' dir='ltr'>numi,</span> <span class='ocrx_word' id='word_1_86' title='bbox 1757 1245 1805 1306; x_wconf 89' lang='lat' dir='ltr'>aie</span> <span class='ocrx_word' id='word_1_87' title='bbox 1825 1261 1860 1310; x_wconf 89' lang='lat' dir='ltr'>nt</span> <span class='ocrx_word' id='word_1_88' title='bbox 1879 1265 1962 1314; x_wconf 71' lang='lat' dir='ltr'>noue</span> 
     </span>
    </p>
   </div>
   <div class='ocr_carea' id='block_1_3' title="bbox 300 1346 682 1432">
    <p class='ocr_par' dir='ltr' id='par_1_4' title="bbox 300 1346 682 1432">
     <span class='ocr_line' id='line_1_9' title="bbox 300 1346 682 1432; baseline -0.016 -18"><span class='ocrx_word' id='word_1_89' title='bbox 300 1370 306 1380; x_wconf 84' lang='lat'>·</span> <span class='ocrx_word' id='word_1_90' title='bbox 431 1347 525 1432; x_wconf 74' lang='lat' dir='ltr'>petie</span> <span class='ocrx_word' id='word_1_91' title='bbox 548 1346 682 1430; x_wconf 79' lang='lat' dir='ltr'>signati:</span> 
     </span>
    </p>
   </div>
   <div class='ocr_carea' id='block_1_4' title="bbox 424 1445 1178 2246">
    <p class='ocr_par' dir='ltr' id='par_1_5' title="bbox 424 1445 1178 2246">
     <span class='ocr_line' id='line_1_10' title="bbox 424 1445 1178 1532; baseline -0.005 -20"><span class='ocrx_word' id='word_1_92' title='bbox 424 1489 429 1496; x_wconf 90' lang='lat'><strong>·</strong></span> <span class='ocrx_word' id='word_1_93' title='bbox 496 1449 629 1512; x_wconf 81' lang='lat' dir='ltr'>Literae</span> <span class='ocrx_word' id='word_1_94' title='bbox 653 1445 696 1526; x_wconf 79' lang='grc'>6,</span> <span class='ocrx_word' id='word_1_95' title='bbox 727 1450 760 1526; x_wconf 86' lang='grc'>1,</span> <span class='ocrx_word' id='word_1_96' title='bbox 789 1449 839 1524; x_wconf 82' lang='lat' dir='ltr'>K,</span> <span class='ocrx_word' id='word_1_97' title='bbox 869 1449 904 1510; x_wconf 78' lang='lat' dir='ltr'>li</span> <span class='ocrx_word' id='word_1_98' title='bbox 926 1449 1050 1532; x_wconf 85' lang='lat' dir='ltr'>majore</span> <span class='ocrx_word' id='word_1_99' title='bbox 1072 1445 1178 1508; x_wconf 74' lang='lat' dir='ltr'>forma</span> 
     </span>
     <span class='ocr_line' id='line_1_11' title="bbox 432 1550 1177 1634; baseline -0.003 -20"><span class='ocrx_word' id='word_1_100' title='bbox 432 1550 466 1614; x_wconf 91' lang='lat' dir='ltr'>in</span> <span class='ocrx_word' id='word_1_101' title='bbox 502 1551 612 1614; x_wconf 87' lang='lat' dir='ltr'>medio</span> <span class='ocrx_word' id='word_1_102' title='bbox 646 1550 736 1614; x_wconf 90' lang='lat' dir='ltr'>numi</span> <span class='ocrx_word' id='word_1_103' title='bbox 768 1569 963 1634; x_wconf 80' lang='lat' dir='ltr'>expressae,</span> <span class='ocrx_word' id='word_1_104' title='bbox 999 1568 1067 1612; x_wconf 93' lang='lat' dir='ltr'>uon</span> <span class='ocrx_word' id='word_1_105' title='bbox 1100 1569 1177 1614; x_wconf 81' lang='lat' dir='ltr'>reno</span> 
     </span>
     <span class='ocr_line' id='line_1_12' title="bbox 430 1652 592 1720; baseline 0.012 -2"><span class='ocrx_word' id='word_1_106' title='bbox 430 1652 528 1718; x_wconf 87' lang='lat' dir='ltr'>etiarn</span> <span class='ocrx_word' id='word_1_107' title='bbox 551 1653 592 1720; x_wconf 81' lang='lat' dir='ltr'>V·</span> 
     </span>
     <span class='ocr_line' id='line_1_13' title="bbox 493 1750 1064 1820; baseline 0.007 -4"><span class='ocrx_word' id='word_1_108' title='bbox 493 1754 619 1816; x_wconf 81' lang='lat' dir='ltr'>Harum</span> <span class='ocrx_word' id='word_1_109' title='bbox 641 1753 717 1818; x_wconf 89' lang='lat' dir='ltr'>looo</span> <span class='ocrx_word' id='word_1_110' title='bbox 740 1753 816 1816; x_wconf 92' lang='lat' dir='ltr'>inde</span> <span class='ocrx_word' id='word_1_111' title='bbox 839 1775 856 1815; x_wconf 86' lang='lat' dir='ltr'>a</span> <span class='ocrx_word' id='word_1_112' title='bbox 878 1750 1002 1816; x_wconf 90' lang='lat' dir='ltr'>lustino</span> <span class='ocrx_word' id='word_1_113' title='bbox 1022 1753 1064 1820; x_wconf 87' lang='lat' dir='ltr'>ii.</span> 
     </span>
     <span class='ocr_line' id='line_1_14' title="bbox 493 1839 1145 1932; baseline 0.003 -16"><span class='ocrx_word' id='word_1_114' title='bbox 493 1855 633 1918; x_wconf 68' lang='lat' dir='ltr'>namen</span> <span class='ocrx_word' id='word_1_115' title='bbox 655 1855 701 1932; x_wconf 83' lang='lat' dir='ltr'>x,</span> <span class='ocrx_word' id='word_1_116' title='bbox 723 1855 803 1930; x_wconf 82' lang='lat' dir='ltr'>xx,</span> <span class='ocrx_word' id='word_1_117' title='bbox 825 1839 1091 1930; x_wconf 61' lang='lat' dir='ltr'>urnam</span> <span class='ocrx_word' id='word_1_118' title='bbox 1141 1878 1145 1886; x_wconf 55' lang='lat'>2</span> 
     </span>
     <span class='ocr_line' id='line_1_15' title="bbox 491 1955 1177 2042; baseline -0.001 -24"><span class='ocrx_word' id='word_1_119' title='bbox 491 1957 620 2020; x_wconf 82' lang='lat' dir='ltr'>Horum</span> <span class='ocrx_word' id='word_1_120' title='bbox 655 1957 832 2042; x_wconf 72' lang='lat' dir='ltr'>explicatio</span> <span class='ocrx_word' id='word_1_121' title='bbox 863 1957 1030 2040; x_wconf 74' lang='lat' dir='ltr'>signorum</span> <span class='ocrx_word' id='word_1_122' title='bbox 1061 1955 1177 2033; x_wconf 79' lang='lat' dir='ltr'>varias,</span> 
     </span>
     <span class='ocr_line' id='line_1_16' title="bbox 429 2058 1176 2142; baseline -0.007 -19"><span class='ocrx_word' id='word_1_123' title='bbox 429 2071 465 2124; x_wconf 88' lang='lat' dir='ltr'>et</span> <span class='ocrx_word' id='word_1_124' title='bbox 485 2079 551 2122; x_wconf 90' lang='lat' dir='ltr'>non</span> <span class='ocrx_word' id='word_1_125' title='bbox 574 2078 650 2122; x_wconf 85' lang='lat' dir='ltr'>raro</span> <span class='ocrx_word' id='word_1_126' title='bbox 672 2058 807 2122; x_wconf 74' lang='lat' dir='ltr'>frivolas</span> <span class='ocrx_word' id='word_1_127' title='bbox 837 2058 1009 2141; x_wconf 85' lang='lat' dir='ltr'>opiniones</span> <span class='ocrx_word' id='word_1_128' title='bbox 1038 2059 1176 2142; x_wconf 87' lang='lat' dir='ltr'>parturi·</span> 
     </span>
     <span class='ocr_line' id='line_1_17' title="bbox 429 2159 1177 2246; baseline -0.005 -20"><span class='ocrx_word' id='word_1_129' title='bbox 429 2159 486 2226; x_wconf 76' lang='lat' dir='ltr'>sit.</span> <span class='ocrx_word' id='word_1_130' title='bbox 530 2160 679 2243; x_wconf 76' lang='lat' dir='ltr'>conjecit</span> <span class='ocrx_word' id='word_1_131' title='bbox 697 2159 869 2246; x_wconf 86' lang='lat' dir='ltr'>aliquando</span> <span class='ocrx_word' id='word_1_132' title='bbox 887 2161 1054 2236; x_wconf 75' lang='lat' dir='ltr'>iubemus,</span> <span class='ocrx_word' id='word_1_133' title='bbox 1077 2162 1113 2222; x_wconf 82' lang='lat' dir='ltr'>tt</span> <span class='ocrx_word' id='word_1_134' title='bbox 1129 2161 1177 2224; x_wconf 92' lang='lat' dir='ltr'>in·</span> 
     </span>
    </p>
   </div>
   <div class='ocr_carea' id='block_1_5' title="bbox 286 2261 1175 2340">
    <p class='ocr_par' dir='ltr' id='par_1_6' title="bbox 286 2261 1175 2340">
     <span class='ocr_line' id='line_1_18' title="bbox 286 2261 1175 2340; baseline -0.003 -13"><span class='ocrx_word' id='word_1_135' title='bbox 286 2325 294 2340; x_wconf 77' lang='grc'><strong>,</strong></span> <span class='ocrx_word' id='word_1_136' title='bbox 428 2261 539 2326; x_wconf 81' lang='lat' dir='ltr'>dicere</span> <span class='ocrx_word' id='word_1_137' title='bbox 562 2267 689 2338; x_wconf 78' lang='lat' dir='ltr'>Mario,</span> <span class='ocrx_word' id='word_1_138' title='bbox 711 2265 726 2324; x_wconf 88' lang='lat'><em>1</em></span> <span class='ocrx_word' id='word_1_139' title='bbox 745 2265 856 2336; x_wconf 72' lang='lat' dir='ltr'>Iessea,</span> <span class='ocrx_word' id='word_1_140' title='bbox 883 2263 917 2325; x_wconf 83' lang='lat' dir='ltr'>K</span> <span class='ocrx_word' id='word_1_141' title='bbox 940 2267 1175 2340; x_wconf 78' lang='lat' dir='ltr'>Constantinus,</span> 
     </span>
    </p>
   </div>
   <div class='ocr_carea' id='block_1_6' title="bbox 420 2361 1175 4387">
    <p class='ocr_par' dir='ltr' id='par_1_7' title="bbox 420 2361 1175 4387">
     <span class='ocr_line' id='line_1_19' title="bbox 428 2361 1175 2446; baseline 0.003 -22"><span class='ocrx_word' id='word_1_142' title='bbox 428 2361 488 2424; x_wconf 88' lang='lat' dir='ltr'>sed</span> <span class='ocrx_word' id='word_1_143' title='bbox 509 2361 549 2426; x_wconf 85' lang='lat' dir='ltr'>eb</span> <span class='ocrx_word' id='word_1_144' title='bbox 573 2363 633 2424; x_wconf 86' lang='lat' dir='ltr'>hac</span> <span class='ocrx_word' id='word_1_145' title='bbox 656 2373 692 2424; x_wconf 82' lang='lat' dir='ltr'>se</span> <span class='ocrx_word' id='word_1_146' title='bbox 721 2363 909 2442; x_wconf 86' lang='lat' dir='ltr'>conjectura</span> <span class='ocrx_word' id='word_1_147' title='bbox 931 2363 1037 2426; x_wconf 84' lang='lat' dir='ltr'>serius</span> <span class='ocrx_word' id='word_1_148' title='bbox 1059 2383 1175 2446; x_wconf 67' lang='lat' dir='ltr'>porga·</span> 
     </span>
     <span class='ocr_line' id='line_1_20' title="bbox 429 2461 1175 2545; baseline 0.003 -20"><span class='ocrx_word' id='word_1_149' title='bbox 429 2461 475 2525; x_wconf 79' lang='lat' dir='ltr'>vit</span> <span class='ocrx_word' id='word_1_150' title='bbox 490 2463 530 2542; x_wconf 74' lang='grc' dir='ltr'>ι).</span> <span class='ocrx_word' id='word_1_151' title='bbox 575 2462 688 2524; x_wconf 84' lang='lat' dir='ltr'>Snnxit</span> <span class='ocrx_word' id='word_1_152' title='bbox 711 2463 790 2524; x_wconf 88' lang='lat' dir='ltr'>oiim</span> <span class='ocrx_word' id='word_1_153' title='bbox 813 2463 1048 2545; x_wconf 80' lang='lat' dir='ltr'>Peyssoneins‚</span> <span class='ocrx_word' id='word_1_154' title='bbox 1071 2477 1107 2524; x_wconf 88' lang='lat' dir='ltr'>ut</span> <span class='ocrx_word' id='word_1_155' title='bbox 1129 2477 1175 2528; x_wconf 89' lang='lat' dir='ltr'>te·</span> 
     </span>
     <span class='ocr_line' id='line_1_21' title="bbox 426 2561 1174 2646; baseline -0.001 -18"><span class='ocrx_word' id='word_1_156' title='bbox 426 2575 531 2628; x_wconf 75' lang='lat' dir='ltr'>eamr</span> <span class='ocrx_word' id='word_1_157' title='bbox 552 2563 699 2626; x_wconf 87' lang='lat' dir='ltr'>eruditus</span> <span class='ocrx_word' id='word_1_158' title='bbox 722 2563 811 2646; x_wconf 73' lang='lat' dir='ltr'>Gups</span> <span class='ocrx_word' id='word_1_159' title='bbox 827 2561 877 2646; x_wconf 81' lang='lat' dir='ltr'>b)‚</span> <span class='ocrx_word' id='word_1_160' title='bbox 908 2565 1037 2627; x_wconf 87' lang='lat' dir='ltr'>iiterem</span> <span class='ocrx_word' id='word_1_161' title='bbox 1059 2567 1094 2626; x_wconf 81' lang='grc' dir='ltr'>Μ</span> <span class='ocrx_word' id='word_1_162' title='bbox 1116 2565 1174 2628; x_wconf 85' lang='lat' dir='ltr'>hu·</span> 
     </span>
     <span class='ocr_line' id='line_1_22' title="bbox 426 2649 1174 2750; baseline 0.004 -23"><span class='ocrx_word' id='word_1_163' title='bbox 426 2663 478 2744; x_wconf 83' lang='lat' dir='ltr'>ins</span> <span class='ocrx_word' id='word_1_164' title='bbox 506 2665 579 2728; x_wconf 85' lang='lat' dir='ltr'>aeri</span> <span class='ocrx_word' id='word_1_165' title='bbox 608 2665 715 2726; x_wconf 88' lang='lat' dir='ltr'>numia</span> <span class='ocrx_word' id='word_1_166' title='bbox 745 2679 809 2728; x_wconf 87' lang='lat' dir='ltr'>tem</span> <span class='ocrx_word' id='word_1_167' title='bbox 838 2663 1031 2750; x_wconf 74' lang='lat' dir='ltr'>frequenter</span> <span class='ocrx_word' id='word_1_168' title='bbox 1060 2649 1174 2732; x_wconf 82' lang='lat' dir='ltr'>inseri·</span> 
     </span>
     <span class='ocr_line' id='line_1_23' title="bbox 426 2767 1174 2854; baseline 0.005 -24"><span class='ocrx_word' id='word_1_169' title='bbox 426 2778 516 2852; x_wconf 73' lang='lat' dir='ltr'>ptam</span> <span class='ocrx_word' id='word_1_170' title='bbox 539 2787 612 2830; x_wconf 86' lang='lat' dir='ltr'>esse</span> <span class='ocrx_word' id='word_1_171' title='bbox 634 2767 762 2828; x_wconf 86' lang='lat' dir='ltr'>initium</span> <span class='ocrx_word' id='word_1_172' title='bbox 783 2767 923 2832; x_wconf 86' lang='lat' dir='ltr'>nominis</span> <span class='ocrx_word' id='word_1_173' title='bbox 946 2773 1071 2844; x_wconf 79' lang='lat' dir='ltr'>Morio,</span> <span class='ocrx_word' id='word_1_174' title='bbox 1098 2769 1174 2854; x_wconf 87' lang='lat' dir='ltr'>quis</span> 
     </span>
     <span class='ocr_line' id='line_1_24' title="bbox 425 2867 1173 2935; baseline 0.005 -4"><span class='ocrx_word' id='word_1_175' title='bbox 425 2867 564 2934; x_wconf 82' lang='lat' dir='ltr'>testibus</span> <span class='ocrx_word' id='word_1_176' title='bbox 595 2868 758 2932; x_wconf 69' lang='lat' dir='ltr'>historicis</span> <span class='ocrx_word' id='word_1_177' title='bbox 788 2867 923 2932; x_wconf 88' lang='lat' dir='ltr'>Greecis</span> <span class='ocrx_word' id='word_1_178' title='bbox 945 2871 1173 2935; x_wconf 87' lang='lat' dir='ltr'>Constantinus</span> 
     </span>
     <span class='ocr_line' id='line_1_25' title="bbox 424 2971 1172 3052; baseline 0.005 -20"><span class='ocrx_word' id='word_1_179' title='bbox 424 2971 474 3036; x_wconf 80' lang='lat' dir='ltr'>lt.</span> <span class='ocrx_word' id='word_1_180' title='bbox 494 2971 704 3052; x_wconf 74' lang='lat' dir='ltr'>Byzantium.</span> <span class='ocrx_word' id='word_1_181' title='bbox 734 2971 826 3052; x_wconf 88' lang='lat' dir='ltr'>cnjus</span> <span class='ocrx_word' id='word_1_182' title='bbox 856 2972 884 3033; x_wconf 91' lang='lat' dir='ltr'>is</span> <span class='ocrx_word' id='word_1_183' title='bbox 911 2972 998 3034; x_wconf 87' lang='lat' dir='ltr'>aiter</span> <span class='ocrx_word' id='word_1_184' title='bbox 1020 2972 1172 3038; x_wconf 88' lang='lat' dir='ltr'>conditor</span> 
     </span>
     <span class='ocr_line' id='line_1_26' title="bbox 425 3071 1172 3162; baseline 0.007 -28"><span class='ocrx_word' id='word_1_185' title='bbox 425 3071 507 3150; x_wconf 77' lang='lat' dir='ltr'>init,</span> <span class='ocrx_word' id='word_1_186' title='bbox 538 3072 691 3156; x_wconf 76' lang='lat' dir='ltr'>deiparae</span> <span class='ocrx_word' id='word_1_187' title='bbox 723 3073 895 3136; x_wconf 84' lang='lat' dir='ltr'>dedicarit.</span> <span class='ocrx_word' id='word_1_188' title='bbox 934 3073 1072 3148; x_wconf 26' lang='lat' dir='ltr'>‘Similes</span> <span class='ocrx_word' id='word_1_189' title='bbox 1103 3076 1172 3162; x_wconf 89' lang='lat' dir='ltr'>opi·</span> 
     </span>
     <span class='ocr_line' id='line_1_27' title="bbox 423 3172 1103 3240; baseline 0.007 -6"><span class='ocrx_word' id='word_1_190' title='bbox 423 3172 541 3236; x_wconf 88' lang='lat' dir='ltr'>niones</span> <span class='ocrx_word' id='word_1_191' title='bbox 562 3193 839 3238; x_wconf 86' lang='lat' dir='ltr'>commemorasse</span> <span class='ocrx_word' id='word_1_192' title='bbox 861 3174 1021 3240; x_wconf 85' lang='lat' dir='ltr'>reiutesse</span> <span class='ocrx_word' id='word_1_193' title='bbox 1044 3191 1103 3239; x_wconf 87' lang='lat' dir='ltr'>est.</span> 
     </span>
     <span class='ocr_line' id='line_1_28' title="bbox 487 3263 1170 3362; baseline 0.006 -24"><span class='ocrx_word' id='word_1_194' title='bbox 487 3275 593 3338; x_wconf 78' lang='lat' dir='ltr'>Aliam</span> <span class='ocrx_word' id='word_1_195' title='bbox 634 3263 826 3340; x_wconf 68' lang='lat' dir='ltr'>seutentiam</span> <span class='ocrx_word' id='word_1_196' title='bbox 856 3278 1029 3362; x_wconf 74' lang='lat' dir='ltr'>parturivit</span> <span class='ocrx_word' id='word_1_197' title='bbox 1059 3273 1170 3342; x_wconf 81' lang='lat' dir='ltr'>ieonu-</span> 
     </span>
     <span class='ocr_line' id='line_1_29' title="bbox 425 3377 1171 3464; baseline 0.008 -24"><span class='ocrx_word' id='word_1_198' title='bbox 425 3377 503 3442; x_wconf 86' lang='lat' dir='ltr'>dnm</span> <span class='ocrx_word' id='word_1_199' title='bbox 535 3378 696 3442; x_wconf 80' lang='lat' dir='ltr'>Hardoini</span> <span class='ocrx_word' id='word_1_200' title='bbox 728 3381 914 3462; x_wconf 74' lang='lat' dir='ltr'>ingenium,</span> <span class='ocrx_word' id='word_1_201' title='bbox 949 3401 1059 3464; x_wconf 51' lang='lat' dir='ltr'>quem*</span> <span class='ocrx_word' id='word_1_202' title='bbox 1078 3381 1171 3446; x_wconf 80' lang='lat' dir='ltr'>lebet</span> 
     </span>
     <span class='ocr_line' id='line_1_30' title="bbox 423 3479 1168 3570; baseline 0.003 -26"><span class='ocrx_word' id='word_1_203' title='bbox 423 3479 534 3544; x_wconf 75' lang='lat' dir='ltr'>serbis</span> <span class='ocrx_word' id='word_1_204' title='bbox 562 3479 686 3544; x_wconf 85' lang='lat' dir='ltr'>leberti</span> <span class='ocrx_word' id='word_1_205' title='bbox 715 3501 881 3564; x_wconf 73' lang='lat' dir='ltr'>exponere</span> <span class='ocrx_word' id='word_1_206' title='bbox 897 3487 936 3563; x_wconf 68' lang='grc' dir='ltr'>ο).</span> <span class='ocrx_word' id='word_1_207' title='bbox 982 3483 1111 3570; x_wconf 79' lang='lat' dir='ltr'>Stetoit·</span> <span class='ocrx_word' id='word_1_208' title='bbox 1129 3485 1168 3560; x_wconf 83' lang='lat' dir='ltr'>is,</span> 
     </span>
     <span class='ocr_line' id='line_1_31' title="bbox 422 3582 1169 3658; baseline 0.008 -16"><span class='ocrx_word' id='word_1_209' title='bbox 422 3599 579 3644; x_wconf 84' lang='lat' dir='ltr'>numeros</span> <span class='ocrx_word' id='word_1_210' title='bbox 611 3582 672 3646; x_wconf 84' lang='lat' dir='ltr'>hos</span> <span class='ocrx_word' id='word_1_211' title='bbox 694 3585 838 3658; x_wconf 76' lang='lat' dir='ltr'>indicere</span> <span class='ocrx_word' id='word_1_212' title='bbox 862 3586 948 3648; x_wconf 80' lang='lat' dir='ltr'>varia</span> <span class='ocrx_word' id='word_1_213' title='bbox 970 3583 1089 3650; x_wconf 88' lang='lat' dir='ltr'>tributa</span> <span class='ocrx_word' id='word_1_214' title='bbox 1111 3587 1169 3648; x_wconf 86' lang='lat' dir='ltr'>ira·</span> 
     </span>
     <span class='ocr_line' id='line_1_32' title="bbox 422 3679 1169 3766; baseline 0.019 -27"><span class='ocrx_word' id='word_1_215' title='bbox 422 3679 630 3762; x_wconf 81' lang='lat' dir='ltr'>potatoribus</span> <span class='ocrx_word' id='word_1_216' title='bbox 654 3683 753 3766; x_wconf 89' lang='lat' dir='ltr'>pendi</span> <span class='ocrx_word' id='word_1_217' title='bbox 775 3686 871 3748; x_wconf 85' lang='lat' dir='ltr'>solita</span> <span class='ocrx_word' id='word_1_218' title='bbox 893 3687 1031 3764; x_wconf 84' lang='lat' dir='ltr'>decimi,</span> <span class='ocrx_word' id='word_1_219' title='bbox 1055 3691 1169 3754; x_wconf 82' lang='lat' dir='ltr'>vicesi-</span> 
     </span>
     <span class='ocr_line' id='line_1_33' title="bbox 422 3780 1170 3875; baseline 0.015 -33"><span class='ocrx_word' id='word_1_220' title='bbox 422 3780 485 3858; x_wconf 81' lang='lat' dir='ltr'>mi,</span> <span class='ocrx_word' id='word_1_221' title='bbox 513 3783 671 3846; x_wconf 82' lang='lat' dir='ltr'>tricesimi</span> <span class='ocrx_word' id='word_1_222' title='bbox 701 3801 764 3848; x_wconf 88' lang='lat' dir='ltr'>etc.</span> <span class='ocrx_word' id='word_1_223' title='bbox 795 3786 935 3866; x_wconf 72' lang='lat' dir='ltr'>denarii,</span> <span class='ocrx_word' id='word_1_224' title='bbox 967 3803 1004 3852; x_wconf 90' lang='lat' dir='ltr'>nt</span> <span class='ocrx_word' id='word_1_225' title='bbox 1030 3789 1170 3875; x_wconf 81' lang='lat' dir='ltr'>inquun-</span> 
     </span>
     <span class='ocr_line' id='line_1_34' title="bbox 422 3883 1168 3976; baseline 0.017 -31"><span class='ocrx_word' id='word_1_226' title='bbox 422 3895 479 3956; x_wconf 69' lang='grc' dir='ltr'>ω·</span> <span class='ocrx_word' id='word_1_227' title='bbox 498 3883 596 3950; x_wconf 88' lang='lat' dir='ltr'>Gaiii.</span> <span class='ocrx_word' id='word_1_228' title='bbox 641 3886 751 3976; x_wconf 72' lang='lat' dir='ltr'>Quare</span> <span class='ocrx_word' id='word_1_229' title='bbox 780 3904 874 3952; x_wconf 85' lang='lat' dir='ltr'>notae</span> <span class='ocrx_word' id='word_1_230' title='bbox 896 3888 1043 3956; x_wconf 87' lang='lat' dir='ltr'>Graecae</span> <span class='ocrx_word' id='word_1_231' title='bbox 1072 3895 1102 3968; x_wconf 84' lang='lat'>1,</span> <span class='ocrx_word' id='word_1_232' title='bbox 1123 3895 1168 3972; x_wconf 80' lang='lat' dir='ltr'>K.</span> 
     </span>
     <span class='ocr_line' id='line_1_35' title="bbox 420 3985 1169 4070; baseline 0.015 -22"><span class='ocrx_word' id='word_1_233' title='bbox 420 3985 458 4048; x_wconf 79' lang='lat'>11</span> <span class='ocrx_word' id='word_1_234' title='bbox 486 3998 598 4049; x_wconf 87' lang='lat' dir='ltr'>notant</span> <span class='ocrx_word' id='word_1_235' title='bbox 629 3985 795 4052; x_wconf 81' lang='lat' dir='ltr'>denarium</span> <span class='ocrx_word' id='word_1_236' title='bbox 833 3991 1038 4070; x_wconf 65' lang='lat' dir='ltr'>decimum,</span> <span class='ocrx_word' id='word_1_237' title='bbox 1056 3995 1169 4059; x_wconf 83' lang='lat' dir='ltr'>ricosi-</span> 
     </span>
     <span class='ocr_line' id='line_1_36' title="bbox 421 4089 1168 4182; baseline 0 -31"><span class='ocrx_word' id='word_1_238' title='bbox 421 4107 529 4164; x_wconf 85' lang='lat' dir='ltr'>nrum,</span> <span class='ocrx_word' id='word_1_239' title='bbox 565 4089 864 4174; x_wconf 78' lang='lat' dir='ltr'>quadragesimum,</span> <span class='ocrx_word' id='word_1_240' title='bbox 892 4107 927 4158; x_wconf 90' lang='lat' dir='ltr'>et</span> <span class='ocrx_word' id='word_1_241' title='bbox 955 4111 1054 4182; x_wconf 86' lang='lat' dir='ltr'>notae</span> <span class='ocrx_word' id='word_1_242' title='bbox 1081 4099 1168 4163; x_wconf 80' lang='lat' dir='ltr'>Lati.</span> 
     </span>
     <span class='ocr_line' id='line_1_37' title="bbox 422 4189 1167 4282; baseline 0.016 -28"><span class='ocrx_word' id='word_1_243' title='bbox 422 4205 483 4255; x_wconf 78' lang='lat' dir='ltr'>nae</span> <span class='ocrx_word' id='word_1_244' title='bbox 514 4189 563 4265; x_wconf 79' lang='lat' dir='ltr'>X,</span> <span class='ocrx_word' id='word_1_245' title='bbox 603 4191 682 4264; x_wconf 79' lang='lat' dir='ltr'>XX,</span> <span class='ocrx_word' id='word_1_246' title='bbox 723 4195 832 4272; x_wconf 77' lang='lat' dir='ltr'>XXX,</span> <span class='ocrx_word' id='word_1_247' title='bbox 873 4197 995 4262; x_wconf 77' lang='lat' dir='ltr'>XXXX</span> <span class='ocrx_word' id='word_1_248' title='bbox 1014 4199 1167 4282; x_wconf 84' lang='lat' dir='ltr'>ejusdem</span> 
     </span>
     <span class='ocr_line' id='line_1_38' title="bbox 420 4291 1167 4387; baseline 0.021 -35"><span class='ocrx_word' id='word_1_249' title='bbox 420 4291 551 4354; x_wconf 87' lang='lat' dir='ltr'>numeri</span> <span class='ocrx_word' id='word_1_250' title='bbox 581 4291 757 4358; x_wconf 89' lang='lat' dir='ltr'>denarium.</span> <span class='ocrx_word' id='word_1_251' title='bbox 801 4298 846 4360; x_wconf 79' lang='lat' dir='ltr'>At</span> <span class='ocrx_word' id='word_1_252' title='bbox 872 4301 958 4362; x_wconf 86' lang='lat' dir='ltr'>enim</span> <span class='ocrx_word' id='word_1_253' title='bbox 989 4301 1070 4366; x_wconf 78' lang='lat' dir='ltr'>haec</span> <span class='ocrx_word' id='word_1_254' title='bbox 1097 4303 1167 4387; x_wconf 87' lang='lat' dir='ltr'>ipsa</span> 
     </span>
    </p>
   </div>
   <div class='ocr_carea' id='block_1_7' title="bbox 1232 1341 1965 2350">
    <p class='ocr_par' dir='ltr' id='par_1_8' title="bbox 1232 1341 1965 2350">
     <span class='ocr_line' id='line_1_39' title="bbox 1236 1341 1962 1428; baseline 0.007 -18"><span class='ocrx_word' id='word_1_255' title='bbox 1236 1349 1250 1410; x_wconf 92' lang='lat'>1</span> <span class='ocrx_word' id='word_1_256' title='bbox 1271 1345 1327 1412; x_wconf 74' lang='lat' dir='ltr'>vei</span> <span class='ocrx_word' id='word_1_257' title='bbox 1348 1347 1378 1410; x_wconf 75' lang='lat' dir='ltr'>X</span> <span class='ocrx_word' id='word_1_258' title='bbox 1400 1341 1585 1428; x_wconf 76' lang='lat' dir='ltr'>significent</span> <span class='ocrx_word' id='word_1_259' title='bbox 1615 1342 1732 1406; x_wconf 81' lang='lat' dir='ltr'>decem</span> <span class='ocrx_word' id='word_1_260' title='bbox 1760 1346 1890 1425; x_wconf 82' lang='lat' dir='ltr'>obolos,</span> <span class='ocrx_word' id='word_1_261' title='bbox 1919 1353 1962 1416; x_wconf 78' lang='lat' dir='ltr'>nel</span> 
     </span>
     <span class='ocr_line' id='line_1_40' title="bbox 1236 1445 1963 1534; baseline 0.008 -26"><span class='ocrx_word' id='word_1_262' title='bbox 1236 1465 1461 1532; x_wconf 83' lang='lat' dir='ltr'>quamcunque</span> <span class='ocrx_word' id='word_1_263' title='bbox 1488 1445 1585 1508; x_wconf 84' lang='lat' dir='ltr'>aiism</span> <span class='ocrx_word' id='word_1_264' title='bbox 1615 1446 1800 1510; x_wconf 87' lang='lat' dir='ltr'>minutioris</span> <span class='ocrx_word' id='word_1_265' title='bbox 1820 1452 1963 1534; x_wconf 83' lang='lat' dir='ltr'>pecunias</span> 
     </span>
     <span class='ocr_line' id='line_1_41' title="bbox 1235 1549 1964 1642; baseline 0.004 -32"><span class='ocrx_word' id='word_1_266' title='bbox 1235 1549 1295 1610; x_wconf 89' lang='lat' dir='ltr'>sub</span> <span class='ocrx_word' id='word_1_267' title='bbox 1324 1568 1360 1610; x_wconf 89' lang='lat' dir='ltr'>se</span> <span class='ocrx_word' id='word_1_268' title='bbox 1390 1561 1561 1610; x_wconf 85' lang='lat' dir='ltr'>contentae</span> <span class='ocrx_word' id='word_1_269' title='bbox 1592 1549 1754 1642; x_wconf 75' lang='lat' dir='ltr'>speciem,</span> <span class='ocrx_word' id='word_1_270' title='bbox 1782 1563 1817 1612; x_wconf 89' lang='lat' dir='ltr'>et</span> <span class='ocrx_word' id='word_1_271' title='bbox 1844 1553 1889 1612; x_wconf 89' lang='lat' dir='ltr'>sio</span> <span class='ocrx_word' id='word_1_272' title='bbox 1913 1571 1964 1634; x_wconf 78' lang='lat' dir='ltr'>per</span> 
     </span>
     <span class='ocr_line' id='line_1_42' title="bbox 1235 1649 1964 1732; baseline 0.004 -22"><span class='ocrx_word' id='word_1_273' title='bbox 1235 1669 1389 1713; x_wconf 84' lang='lat' dir='ltr'>numeros</span> <span class='ocrx_word' id='word_1_274' title='bbox 1418 1649 1501 1710; x_wconf 83' lang='lat' dir='ltr'>aiios</span> <span class='ocrx_word' id='word_1_275' title='bbox 1532 1649 1789 1732; x_wconf 81' lang='lat' dir='ltr'>progrediendo.</span> <span class='ocrx_word' id='word_1_276' title='bbox 1832 1651 1903 1714; x_wconf 83' lang='lat' dir='ltr'>Non</span> <span class='ocrx_word' id='word_1_277' title='bbox 1922 1673 1964 1716; x_wconf 86' lang='lat' dir='ltr'>re·</span> 
     </span>
     <span class='ocr_line' id='line_1_43' title="bbox 1233 1749 1963 1838; baseline 0.001 -24"><span class='ocrx_word' id='word_1_278' title='bbox 1233 1771 1413 1838; x_wconf 77' lang='lat' dir='ltr'>pugnarem</span> <span class='ocrx_word' id='word_1_279' title='bbox 1437 1749 1512 1811; x_wconf 87' lang='lat' dir='ltr'>huic</span> <span class='ocrx_word' id='word_1_280' title='bbox 1534 1751 1732 1827; x_wconf 78' lang='lat' dir='ltr'>sententiae,</span> <span class='ocrx_word' id='word_1_281' title='bbox 1764 1753 1881 1834; x_wconf 85' lang='lat' dir='ltr'>partim</span> <span class='ocrx_word' id='word_1_282' title='bbox 1901 1754 1963 1837; x_wconf 85' lang='lat' dir='ltr'>quia</span> 
     </span>
     <span class='ocr_line' id='line_1_44' title="bbox 1233 1853 1965 1938; baseline 0.003 -21"><span class='ocrx_word' id='word_1_283' title='bbox 1233 1854 1297 1936; x_wconf 82' lang='lat' dir='ltr'>jana</span> <span class='ocrx_word' id='word_1_284' title='bbox 1326 1865 1456 1916; x_wconf 83' lang='lat' dir='ltr'>moneta</span> <span class='ocrx_word' id='word_1_285' title='bbox 1479 1853 1623 1914; x_wconf 78' lang='lat' dir='ltr'>Romana</span> <span class='ocrx_word' id='word_1_286' title='bbox 1653 1857 1764 1916; x_wconf 89' lang='lat' dir='ltr'>stantis</span> <span class='ocrx_word' id='word_1_287' title='bbox 1786 1855 1870 1938; x_wconf 86' lang='lat' dir='ltr'>reip.</span> <span class='ocrx_word' id='word_1_288' title='bbox 1889 1857 1965 1919; x_wconf 88' lang='lat' dir='ltr'>sini·</span> 
     </span>
     <span class='ocr_line' id='line_1_45' title="bbox 1234 1953 1965 2038; baseline 0.007 -22"><span class='ocrx_word' id='word_1_289' title='bbox 1234 1956 1283 2018; x_wconf 87' lang='lat' dir='ltr'>les</span> <span class='ocrx_word' id='word_1_290' title='bbox 1314 1953 1424 2016; x_wconf 87' lang='lat' dir='ltr'>habuit</span> <span class='ocrx_word' id='word_1_291' title='bbox 1455 1973 1513 2015; x_wconf 88' lang='lat' dir='ltr'>seu</span> <span class='ocrx_word' id='word_1_292' title='bbox 1545 1967 1691 2037; x_wconf 86' lang='lat' dir='ltr'>spectato</span> <span class='ocrx_word' id='word_1_293' title='bbox 1721 1955 1886 2038; x_wconf 89' lang='lat' dir='ltr'>pondere,</span> <span class='ocrx_word' id='word_1_294' title='bbox 1915 1977 1965 2021; x_wconf 88' lang='lat' dir='ltr'>sen</span> 
     </span>
     <span class='ocr_line' id='line_1_46' title="bbox 1233 2055 1963 2142; baseline 0.001 -20"><span class='ocrx_word' id='word_1_295' title='bbox 1233 2058 1345 2122; x_wconf 79' lang='lat' dir='ltr'>valore</span> <span class='ocrx_word' id='word_1_296' title='bbox 1380 2055 1576 2132; x_wconf 81' lang='lat' dir='ltr'>divisiones,</span> <span class='ocrx_word' id='word_1_297' title='bbox 1607 2055 1723 2138; x_wconf 86' lang='lat' dir='ltr'>partim</span> <span class='ocrx_word' id='word_1_298' title='bbox 1756 2057 1835 2142; x_wconf 84' lang='lat' dir='ltr'>qnia</span> <span class='ocrx_word' id='word_1_299' title='bbox 1861 2077 1963 2123; x_wconf 77' lang='lat' dir='ltr'>revera</span> 
     </span>
     <span class='ocr_line' id='line_1_47' title="bbox 1235 2157 1963 2232; baseline -0.003 -8"><span class='ocrx_word' id='word_1_300' title='bbox 1235 2159 1398 2232; x_wconf 77' lang='lat' dir='ltr'>videmus,</span> <span class='ocrx_word' id='word_1_301' title='bbox 1425 2177 1541 2218; x_wconf 90' lang='lat' dir='ltr'>numos</span> <span class='ocrx_word' id='word_1_302' title='bbox 1571 2177 1691 2220; x_wconf 84' lang='lat' dir='ltr'>aeneos</span> <span class='ocrx_word' id='word_1_303' title='bbox 1721 2157 1881 2222; x_wconf 78' lang='lat' dir='ltr'>inanimae</span> <span class='ocrx_word' id='word_1_304' title='bbox 1907 2157 1963 2222; x_wconf 81' lang='lat' dir='ltr'>ior·</span> 
     </span>
     <span class='ocr_line' id='line_1_48' title="bbox 1232 2257 1963 2350; baseline 0.008 -30"><span class='ocrx_word' id='word_1_305' title='bbox 1232 2279 1304 2321; x_wconf 88' lang='lat' dir='ltr'>mae</span> <span class='ocrx_word' id='word_1_306' title='bbox 1336 2277 1467 2340; x_wconf 83' lang='lat' dir='ltr'>semper</span> <span class='ocrx_word' id='word_1_307' title='bbox 1494 2257 1672 2350; x_wconf 76' lang='lat' dir='ltr'>praeferre</span> <span class='ocrx_word' id='word_1_308' title='bbox 1696 2263 1749 2334; x_wconf 78' lang='grc' dir='ltr'>Μ,</span> <span class='ocrx_word' id='word_1_309' title='bbox 1784 2262 1838 2322; x_wconf 82' lang='lat' dir='ltr'>rel</span> <span class='ocrx_word' id='word_1_310' title='bbox 1866 2261 1896 2325; x_wconf 89' lang='lat' dir='ltr'>ei</span> <span class='ocrx_word' id='word_1_311' title='bbox 1920 2281 1963 2326; x_wconf 88' lang='lat' dir='ltr'>re·</span> 
     </span>
    </p>
   </div>
   <div class='ocr_carea' id='block_1_8' title="bbox 1231 2359 2064 2546">
    <p class='ocr_par' dir='ltr' id='par_1_9' title="bbox 1231 2359 2064 2546">
     <span class='ocr_line' id='line_1_49' title="bbox 1231 2359 2064 2448; baseline 0 -24"><span class='ocrx_word' id='word_1_312' title='bbox 1231 2359 1397 2444; x_wconf 85' lang='lat' dir='ltr'>spondens</span> <span class='ocrx_word' id='word_1_313' title='bbox 1431 2359 1569 2436; x_wconf 76' lang='lat' dir='ltr'>XXXX,</span> <span class='ocrx_word' id='word_1_314' title='bbox 1604 2379 1724 2422; x_wconf 84' lang='lat' dir='ltr'>aeneos</span> <span class='ocrx_word' id='word_1_315' title='bbox 1759 2363 1818 2424; x_wconf 88' lang='lat'>111.</span> <span class='ocrx_word' id='word_1_316' title='bbox 1853 2362 1961 2426; x_wconf 78' lang='lat' dir='ltr'>fornae</span> <span class='ocrx_word' id='word_1_317' title='bbox 2063 2445 2064 2448; x_wconf 8' lang='grc' dir='ltr'><strong>Ἴ</strong></span> 
     </span>
     <span class='ocr_line' id='line_1_50' title="bbox 1231 2461 2064 2546; baseline 0.002 -20"><span class='ocrx_word' id='word_1_318' title='bbox 1231 2483 1364 2546; x_wconf 82' lang='lat' dir='ltr'>semper</span> <span class='ocrx_word' id='word_1_319' title='bbox 1386 2465 1417 2538; x_wconf 88' lang='lat'>1,</span> <span class='ocrx_word' id='word_1_320' title='bbox 1447 2463 1543 2546; x_wconf 87' lang='lat' dir='ltr'>cique</span> <span class='ocrx_word' id='word_1_321' title='bbox 1566 2461 1770 2546; x_wconf 85' lang='lat' dir='ltr'>respondens</span> <span class='ocrx_word' id='word_1_322' title='bbox 1794 2467 1961 2542; x_wconf 77' lang='lat' dir='ltr'>1,nernn</span> <span class='ocrx_word' id='word_1_323' title='bbox 2063 2487 2064 2498; x_wconf 58' lang='lat'>¹</span> 
     </span>
    </p>
   </div>
   <div class='ocr_carea' id='block_1_9' title="bbox 1229 2563 1962 2954">
    <p class='ocr_par' dir='ltr' id='par_1_10' title="bbox 1229 2563 1962 2954">
     <span class='ocr_line' id='line_1_51' title="bbox 1231 2563 1960 2649; baseline 0.001 -22"><span class='ocrx_word' id='word_1_324' title='bbox 1231 2565 1313 2627; x_wconf 85' lang='lat' dir='ltr'>iliud</span> <span class='ocrx_word' id='word_1_325' title='bbox 1337 2563 1482 2640; x_wconf 79' lang='lat' dir='ltr'>vellicat,</span> <span class='ocrx_word' id='word_1_326' title='bbox 1497 2565 1585 2648; x_wconf 87' lang='lat' dir='ltr'>qood</span> <span class='ocrx_word' id='word_1_327' title='bbox 1608 2567 1643 2626; x_wconf 75' lang='grc' dir='ltr'><strong>Μ</strong></span> <span class='ocrx_word' id='word_1_328' title='bbox 1663 2580 1697 2628; x_wconf 89' lang='lat' dir='ltr'>et</span> <span class='ocrx_word' id='word_1_329' title='bbox 1718 2566 1846 2630; x_wconf 76' lang='lat' dir='ltr'>XXXX</span> <span class='ocrx_word' id='word_1_330' title='bbox 1867 2567 1960 2649; x_wconf 73' lang='lat' dir='ltr'>legen·</span> 
     </span>
     <span class='ocr_line' id='line_1_52' title="bbox 1231 2665 1961 2752; baseline 0.001 -23"><span class='ocrx_word' id='word_1_331' title='bbox 1231 2681 1285 2730; x_wconf 84' lang='lat' dir='ltr'>tur</span> <span class='ocrx_word' id='word_1_332' title='bbox 1307 2665 1445 2752; x_wconf 89' lang='lat' dir='ltr'>perinde</span> <span class='ocrx_word' id='word_1_333' title='bbox 1469 2669 1564 2728; x_wconf 85' lang='lat' dir='ltr'>etiam</span> <span class='ocrx_word' id='word_1_334' title='bbox 1590 2669 1623 2728; x_wconf 92' lang='lat' dir='ltr'>in</span> <span class='ocrx_word' id='word_1_335' title='bbox 1644 2667 1748 2729; x_wconf 85' lang='lat' dir='ltr'>nnmis</span> <span class='ocrx_word' id='word_1_336' title='bbox 1771 2671 1838 2732; x_wconf 85' lang='lat' dir='ltr'>let</span> <span class='ocrx_word' id='word_1_337' title='bbox 1856 2671 1892 2738; x_wconf 88' lang='lat'>11.</span> <span class='ocrx_word' id='word_1_338' title='bbox 1906 2666 1961 2730; x_wconf 84' lang='lat' dir='ltr'>ior·</span> 
     </span>
     <span class='ocr_line' id='line_1_53' title="bbox 1231 2769 1962 2854; baseline -0.004 -22"><span class='ocrx_word' id='word_1_339' title='bbox 1231 2789 1323 2846; x_wconf 79' lang='lat' dir='ltr'>mae,</span> <span class='ocrx_word' id='word_1_340' title='bbox 1346 2783 1380 2830; x_wconf 85' lang='lat' dir='ltr'>et</span> <span class='ocrx_word' id='word_1_341' title='bbox 1398 2771 1411 2830; x_wconf 89' lang='lat'>1</span> <span class='ocrx_word' id='word_1_342' title='bbox 1427 2783 1461 2831; x_wconf 88' lang='lat' dir='ltr'>et</span> <span class='ocrx_word' id='word_1_343' title='bbox 1478 2769 1508 2828; x_wconf 77' lang='lat' dir='ltr'>X</span> <span class='ocrx_word' id='word_1_344' title='bbox 1525 2769 1559 2830; x_wconf 89' lang='lat' dir='ltr'>iu</span> <span class='ocrx_word' id='word_1_345' title='bbox 1579 2770 1683 2832; x_wconf 84' lang='lat' dir='ltr'>numia</span> <span class='ocrx_word' id='word_1_346' title='bbox 1702 2790 1837 2854; x_wconf 85' lang='lat' dir='ltr'>quoque</span> <span class='ocrx_word' id='word_1_347' title='bbox 1853 2771 1891 2832; x_wconf 88' lang='lat'>11.</span> <span class='ocrx_word' id='word_1_348' title='bbox 1906 2769 1962 2830; x_wconf 83' lang='lat' dir='ltr'>ior·</span> 
     </span>
     <span class='ocr_line' id='line_1_54' title="bbox 1229 2861 1962 2954; baseline -0.001 -21"><span class='ocrx_word' id='word_1_349' title='bbox 1229 2885 1319 2946; x_wconf 82' lang='lat' dir='ltr'>mee,</span> <span class='ocrx_word' id='word_1_350' title='bbox 1350 2883 1384 2932; x_wconf 84' lang='lat' dir='ltr'>et</span> <span class='ocrx_word' id='word_1_351' title='bbox 1407 2871 1539 2954; x_wconf 83' lang='lat' dir='ltr'>&#39;quidem</span> <span class='ocrx_word' id='word_1_352' title='bbox 1559 2872 1592 2932; x_wconf 93' lang='lat' dir='ltr'>in</span> <span class='ocrx_word' id='word_1_353' title='bbox 1615 2861 1721 2932; x_wconf 79' lang='lat' dir='ltr'>durnin</span> <span class='ocrx_word' id='word_1_354' title='bbox 1740 2873 1804 2934; x_wconf 88' lang='lat' dir='ltr'>sub</span> <span class='ocrx_word' id='word_1_355' title='bbox 1832 2891 1893 2934; x_wconf 91' lang='lat' dir='ltr'>nno</span> <span class='ocrx_word' id='word_1_356' title='bbox 1917 2889 1962 2934; x_wconf 92' lang='lat' dir='ltr'>eo·</span> 
     </span>
    </p>
   </div>
   <div class='ocr_carea' id='block_1_10' title="bbox 1229 2969 2063 3058">
    <p class='ocr_par' dir='ltr' id='par_1_11' title="bbox 1229 2969 2063 3058">
     <span class='ocr_line' id='line_1_55' title="bbox 1229 2969 2063 3058; baseline -0.002 -26"><span class='ocrx_word' id='word_1_357' title='bbox 1229 2971 1371 3058; x_wconf 87' lang='lat' dir='ltr'>demque</span> <span class='ocrx_word' id='word_1_358' title='bbox 1402 2973 1543 3058; x_wconf 87' lang='lat' dir='ltr'>imperio</span> <span class='ocrx_word' id='word_1_359' title='bbox 1574 2973 1718 3056; x_wconf 80' lang='lat' dir='ltr'>signatis.</span> <span class='ocrx_word' id='word_1_360' title='bbox 1765 2969 1911 3038; x_wconf 83' lang='lat' dir='ltr'>Offendit</span> <span class='ocrx_word' id='word_1_361' title='bbox 1935 2982 1963 3032; x_wconf 90' lang='lat' dir='ltr'>et</span> <span class='ocrx_word' id='word_1_362' title='bbox 2062 2971 2063 2996; x_wconf 64' lang='lat'>¹</span> 
     </span>
    </p>
   </div>
   <div class='ocr_carea' id='block_1_11' title="bbox 1227 3074 1960 3258">
    <p class='ocr_par' dir='ltr' id='par_1_12' title="bbox 1227 3074 1960 3258">
     <span class='ocr_line' id='line_1_56' title="bbox 1227 3074 1959 3158; baseline 0.005 -22"><span class='ocrx_word' id='word_1_363' title='bbox 1227 3074 1330 3151; x_wconf 84' lang='lat' dir='ltr'>iilud,</span> <span class='ocrx_word' id='word_1_364' title='bbox 1354 3075 1441 3158; x_wconf 89' lang='lat' dir='ltr'>quod</span> <span class='ocrx_word' id='word_1_365' title='bbox 1463 3077 1602 3138; x_wconf 87' lang='lat' dir='ltr'>admisse</span> <span class='ocrx_word' id='word_1_366' title='bbox 1622 3075 1684 3137; x_wconf 84' lang='lat' dir='ltr'>hac</span> <span class='ocrx_word' id='word_1_367' title='bbox 1707 3074 1876 3138; x_wconf 75' lang='lat' dir='ltr'>divisionis</span> <span class='ocrx_word' id='word_1_368' title='bbox 1896 3075 1959 3152; x_wconf 77' lang='lat' dir='ltr'>iege</span> 
     </span>
     <span class='ocr_line' id='line_1_57' title="bbox 1229 3173 1960 3258; baseline -0.01 -16"><span class='ocrx_word' id='word_1_369' title='bbox 1229 3179 1348 3242; x_wconf 86' lang='lat' dir='ltr'>mirum</span> <span class='ocrx_word' id='word_1_370' title='bbox 1380 3177 1545 3253; x_wconf 81' lang='lat' dir='ltr'>rideatur,</span> <span class='ocrx_word' id='word_1_371' title='bbox 1581 3197 1640 3240; x_wconf 92' lang='lat' dir='ltr'>cur</span> <span class='ocrx_word' id='word_1_372' title='bbox 1672 3197 1857 3258; x_wconf 86' lang='lat' dir='ltr'>nunqnam,</span> <span class='ocrx_word' id='word_1_373' title='bbox 1886 3173 1960 3258; x_wconf 87' lang='lat' dir='ltr'>qnod</span> 
     </span>
    </p>
   </div>
   <div class='ocr_carea' id='block_1_12' title="bbox 1217 3275 2062 3566">
    <p class='ocr_par' dir='ltr' id='par_1_13' title="bbox 1217 3275 2062 3566">
     <span class='ocr_line' id='line_1_58' title="bbox 1217 3275 1964 3364; baseline -0.013 -18"><span class='ocrx_word' id='word_1_374' title='bbox 1217 3282 1353 3364; x_wconf 74' lang='lat' dir='ltr'>norim,</span> <span class='ocrx_word' id='word_1_375' title='bbox 1373 3294 1525 3343; x_wconf 84' lang='lat' dir='ltr'>occurrat</span> <span class='ocrx_word' id='word_1_376' title='bbox 1541 3276 1703 3353; x_wconf 80' lang='lat' dir='ltr'>litera-A,</span> <span class='ocrx_word' id='word_1_377' title='bbox 1725 3299 1803 3341; x_wconf 83' lang='lat' dir='ltr'>corn</span> <span class='ocrx_word' id='word_1_378' title='bbox 1821 3291 1921 3340; x_wconf 86' lang='lat' dir='ltr'>tamen</span> <span class='ocrx_word' id='word_1_379' title='bbox 1933 3275 1964 3336; x_wconf 86' lang='lat' dir='ltr'>iu·</span> 
     </span>
     <span class='ocr_line' id='line_1_59' title="bbox 1227 3377 2062 3478; baseline -0.011 -32"><span class='ocrx_word' id='word_1_380' title='bbox 1227 3384 1334 3446; x_wconf 85' lang='lat' dir='ltr'>nuruis</span> <span class='ocrx_word' id='word_1_381' title='bbox 1356 3381 1525 3446; x_wconf 73' lang='lat' dir='ltr'>divisionis</span> <span class='ocrx_word' id='word_1_382' title='bbox 1547 3381 1682 3470; x_wconf 76' lang='lat' dir='ltr'>Latinae</span> <span class='ocrx_word' id='word_1_383' title='bbox 1704 3377 1898 3463; x_wconf 81' lang='lat' dir='ltr'>frequenter</span> <span class='ocrx_word' id='word_1_384' title='bbox 1916 3394 1960 3460; x_wconf 81' lang='lat' dir='ltr'>oe·</span> <span class='ocrx_word' id='word_1_385' title='bbox 2061 3411 2062 3478; x_wconf 29' lang='grc' dir='ltr'>ᾗ</span> 
     </span>
     <span class='ocr_line' id='line_1_60' title="bbox 1227 3480 2062 3566; baseline -0.018 -14"><span class='ocrx_word' id='word_1_386' title='bbox 1227 3499 1339 3552; x_wconf 83' lang='lat' dir='ltr'>currat</span> <span class='ocrx_word' id='word_1_387' title='bbox 1367 3483 1569 3566; x_wconf 86' lang='lat' dir='ltr'>respondens</span> <span class='ocrx_word' id='word_1_388' title='bbox 1597 3482 1659 3544; x_wconf 88' lang='lat' dir='ltr'>iiii·</span> <span class='ocrx_word' id='word_1_389' title='bbox 1677 3481 1779 3546; x_wconf 78' lang='lat' dir='ltr'>XXX.</span> <span class='ocrx_word' id='word_1_390' title='bbox 1823 3480 1959 3542; x_wconf 84' lang='lat' dir='ltr'>Priorem</span> <span class='ocrx_word' id='word_1_391' title='bbox 2061 3485 2062 3490; x_wconf 77' lang='grc'>’</span> 
     </span>
    </p>
   </div>
   <div class='ocr_carea' id='block_1_13' title="bbox 1225 3580 1960 3770">
    <p class='ocr_par' dir='ltr' id='par_1_14' title="bbox 1225 3580 1960 3770">
     <span class='ocr_line' id='line_1_61' title="bbox 1226 3580 1960 3671; baseline -0.011 -21"><span class='ocrx_word' id='word_1_392' title='bbox 1226 3585 1358 3671; x_wconf 86' lang='lat' dir='ltr'>quidem</span> <span class='ocrx_word' id='word_1_393' title='bbox 1391 3583 1616 3648; x_wconf 81' lang='lat' dir='ltr'>difficultatem</span> <span class='ocrx_word' id='word_1_394' title='bbox 1644 3606 1661 3646; x_wconf 86' lang='lat' dir='ltr'>n</span> <span class='ocrx_word' id='word_1_395' title='bbox 1689 3580 1868 3648; x_wconf 73' lang='lat' dir='ltr'>fluctuante</span> <span class='ocrx_word' id='word_1_396' title='bbox 1892 3599 1960 3666; x_wconf 86' lang='lat' dir='ltr'>pon·</span> 
     </span>
     <span class='ocr_line' id='line_1_62' title="bbox 1225 3681 1956 3770; baseline -0.011 -20"><span class='ocrx_word' id='word_1_397' title='bbox 1225 3688 1307 3753; x_wconf 87' lang='lat' dir='ltr'>dere</span> <span class='ocrx_word' id='word_1_398' title='bbox 1339 3703 1466 3770; x_wconf 82' lang='lat' dir='ltr'>captam</span> <span class='ocrx_word' id='word_1_399' title='bbox 1489 3686 1639 3749; x_wconf 87' lang='lat' dir='ltr'>lobertns</span> <span class='ocrx_word' id='word_1_400' title='bbox 1668 3683 1763 3760; x_wconf 76' lang='lat' dir='ltr'>olibi,</span> <span class='ocrx_word' id='word_1_401' title='bbox 1796 3683 1853 3746; x_wconf 89' lang='lat' dir='ltr'>ubi</span> <span class='ocrx_word' id='word_1_402' title='bbox 1880 3681 1956 3744; x_wconf 86' lang='lat' dir='ltr'>idem</span> 
     </span>
    </p>
   </div>
   <div class='ocr_carea' id='block_1_14' title="bbox 1226 3781 1961 3884">
    <p class='ocr_par' dir='ltr' id='par_1_15' title="bbox 1226 3781 1961 3884">
     <span class='ocr_line' id='line_1_63' title="bbox 1226 3781 1961 3884; baseline -0.015 -28"><span class='ocrx_word' id='word_1_403' title='bbox 1226 3805 1453 3876; x_wconf 77' lang='lat' dir='ltr'>argumentum</span> <span class='ocrx_word' id='word_1_404' title='bbox 1482 3788 1576 3850; x_wconf 87' lang='lat' dir='ltr'>latins</span> <span class='ocrx_word' id='word_1_405' title='bbox 1606 3789 1817 3884; x_wconf 80' lang='lat' dir='ltr'>persequitur</span> <span class='ocrx_word' id='word_1_406' title='bbox 1833 3783 1882 3867; x_wconf 80' lang='lat' dir='ltr'>s),</span> <span class='ocrx_word' id='word_1_407' title='bbox 1904 3781 1961 3845; x_wconf 90' lang='lat' dir='ltr'>ele·</span> 
     </span>
    </p>
   </div>
   <div class='ocr_carea' id='block_1_15' title="bbox 1226 3885 2061 3968">
    <p class='ocr_par' dir='ltr' id='par_1_16' title="bbox 1226 3885 2061 3968">
     <span class='ocr_line' id='line_1_64' title="bbox 1226 3885 2061 3968; baseline -0.02 -8"><span class='ocrx_word' id='word_1_408' title='bbox 1226 3910 1279 3960; x_wconf 81' lang='lat' dir='ltr'>vat</span> <span class='ocrx_word' id='word_1_409' title='bbox 1307 3891 1468 3966; x_wconf 85' lang='lat' dir='ltr'>dicendo,</span> <span class='ocrx_word' id='word_1_410' title='bbox 1501 3889 1618 3966; x_wconf 85' lang='lat' dir='ltr'>inisse,</span> <span class='ocrx_word' id='word_1_411' title='bbox 1649 3902 1685 3950; x_wconf 80' lang='lat' dir='ltr'>ut</span> <span class='ocrx_word' id='word_1_412' title='bbox 1714 3887 1794 3950; x_wconf 87' lang='lat' dir='ltr'>olim</span> <span class='ocrx_word' id='word_1_413' title='bbox 1824 3900 1959 3968; x_wconf 85' lang='lat' dir='ltr'>tenpore</span> <span class='ocrx_word' id='word_1_414' title='bbox 2060 3885 2061 3918; x_wconf 58' lang='lat'>¹</span> 
     </span>
    </p>
   </div>
   <div class='ocr_carea' id='block_1_16' title="bbox 1223 3989 1959 4277">
    <p class='ocr_par' dir='ltr' id='par_1_17' title="bbox 1223 3989 1959 4277">
     <span class='ocr_line' id='line_1_65' title="bbox 1224 3989 1959 4068; baseline -0.023 -6"><span class='ocrx_word' id='word_1_415' title='bbox 1224 4001 1350 4062; x_wconf 79' lang='lat' dir='ltr'>lionae</span> <span class='ocrx_word' id='word_1_416' title='bbox 1390 3991 1532 4068; x_wconf 83' lang='lat' dir='ltr'>liberae,</span> <span class='ocrx_word' id='word_1_417' title='bbox 1564 3989 1612 4054; x_wconf 90' lang='lat' dir='ltr'>sic</span> <span class='ocrx_word' id='word_1_418' title='bbox 1652 3992 1749 4052; x_wconf 76' lang='lat' dir='ltr'>etim</span> <span class='ocrx_word' id='word_1_419' title='bbox 1789 3989 1854 4052; x_wconf 86' lang='lat' dir='ltr'>hoc</span> <span class='ocrx_word' id='word_1_420' title='bbox 1889 3999 1959 4050; x_wconf 86' lang='lat' dir='ltr'>aero</span> 
     </span>
     <span class='ocr_line' id='line_1_66' title="bbox 1224 4085 1959 4178; baseline -0.023 -14"><span class='ocrx_word' id='word_1_421' title='bbox 1224 4120 1353 4175; x_wconf 74' lang='lat' dir='ltr'>onnus,</span> <span class='ocrx_word' id='word_1_422' title='bbox 1383 4118 1443 4162; x_wconf 85' lang='lat' dir='ltr'>cnr</span> <span class='ocrx_word' id='word_1_423' title='bbox 1473 4085 1690 4178; x_wconf 74' lang='lat' dir='ltr'>imperatores</span> <span class='ocrx_word' id='word_1_424' title='bbox 1711 4109 1850 4154; x_wconf 84' lang='lat' dir='ltr'>necesse</span> <span class='ocrx_word' id='word_1_425' title='bbox 1870 4087 1959 4148; x_wconf 84' lang='lat' dir='ltr'>duxe-</span> 
     </span>
     <span class='ocr_line' id='line_1_67' title="bbox 1223 4189 1956 4277; baseline -0.023 -11"><span class='ocrx_word' id='word_1_426' title='bbox 1223 4202 1308 4276; x_wconf 82' lang='lat' dir='ltr'>rint,</span> <span class='ocrx_word' id='word_1_427' title='bbox 1336 4198 1456 4264; x_wconf 87' lang='lat' dir='ltr'>rninnri</span> <span class='ocrx_word' id='word_1_428' title='bbox 1478 4208 1627 4260; x_wconf 86' lang='lat' dir='ltr'>monetae</span> <span class='ocrx_word' id='word_1_429' title='bbox 1649 4193 1790 4277; x_wconf 88' lang='lat' dir='ltr'>ponderi</span> <span class='ocrx_word' id='word_1_430' title='bbox 1811 4189 1956 4274; x_wconf 80' lang='lat' dir='ltr'>majorem</span> 
     </span>
    </p>
   </div>
   <div class='ocr_carea' id='block_1_17' title="bbox 353 4294 2060 4500">
    <p class='ocr_par' dir='ltr' id='par_1_18' title="bbox 353 4294 2060 4500">
     <span class='ocr_line' id='line_1_68' title="bbox 1223 4294 2060 4383; baseline -0.014 -19"><span class='ocrx_word' id='word_1_431' title='bbox 1223 4303 1396 4383; x_wconf 78' lang='lat' dir='ltr'>adsignare</span> <span class='ocrx_word' id='word_1_432' title='bbox 1435 4301 1592 4363; x_wconf 77' lang='lat' dir='ltr'>valorem.</span> <span class='ocrx_word' id='word_1_433' title='bbox 1637 4294 1704 4360; x_wconf 86' lang='lat' dir='ltr'>Sed</span> <span class='ocrx_word' id='word_1_434' title='bbox 1743 4311 1880 4366; x_wconf 77' lang='lat' dir='ltr'>vereor,</span> <span class='ocrx_word' id='word_1_435' title='bbox 1919 4306 1955 4350; x_wconf 81' lang='lat' dir='ltr'>ne</span> <span class='ocrx_word' id='word_1_436' title='bbox 2059 4321 2060 4360; x_wconf 54' lang='lat' dir='ltr'>r</span> 
     </span>
     <span class='ocr_line' id='line_1_69' title="bbox 353 4363 2060 4500; baseline -0.004 -46"><span class='ocrx_word' id='word_1_437' title='bbox 353 4489 358 4494; x_wconf 25' lang='grc' dir='ltr'>Ι</span> <span class='ocrx_word' id='word_1_438' title='bbox 421 4389 581 4454; x_wconf 82' lang='lat' dir='ltr'>Hsrdnini</span> <span class='ocrx_word' id='word_1_439' title='bbox 601 4395 718 4460; x_wconf 83' lang='lat' dir='ltr'>dictato</span> <span class='ocrx_word' id='word_1_440' title='bbox 736 4399 895 4494; x_wconf 67' lang='lat' dir='ltr'>copiosis,</span> <span class='ocrx_word' id='word_1_441' title='bbox 918 4403 1098 4488; x_wconf 88' lang='lat' dir='ltr'>solidisque</span> <span class='ocrx_word' id='word_1_442' title='bbox 1115 4426 1165 4468; x_wconf 86' lang='lat' dir='ltr'>er·</span> <span class='ocrx_word' id='word_1_443' title='bbox 1222 4401 1448 4480; x_wconf 80' lang='lat' dir='ltr'>haecomnia,</span> <span class='ocrx_word' id='word_1_444' title='bbox 1472 4387 1954 4500; x_wconf 82' lang='lat' dir='ltr'>etaipraeHsrduinisnisiiiis</span> <span class='ocrx_word' id='word_1_445' title='bbox 2059 4363 2060 4455; x_wconf 65' lang='lat' dir='ltr'>i</span> 
     </span>
    </p>
   </div>
   <div class='ocr_carea' id='block_1_18' title="bbox 420 4535 1947 4578">
    <p class='ocr_par' dir='ltr' id='par_1_19' title="bbox 420 4535 1947 4578">
     <span class='ocr_line' id='line_1_70' title="bbox 420 4535 1947 4578; baseline -0.003 -20"><span class='ocrx_word' id='word_1_446' title='bbox 420 4535 1947 4578; x_wconf 62' lang='lat'><em>---—-——-—‚---—--—---—----</em></span> 
     </span>
    </p>
   </div>
   <div class='ocr_carea' id='block_1_19' title="bbox 420 4593 1948 4818">
    <p class='ocr_par' dir='ltr' id='par_1_20' title="bbox 420 4593 1948 4818">
     <span class='ocr_line' id='line_1_71' title="bbox 451 4593 1948 4712; baseline 0.004 -26"><span class='ocrx_word' id='word_1_447' title='bbox 451 4617 489 4686; x_wconf 60' lang='grc'>1)</span> <span class='ocrx_word' id='word_1_448' title='bbox 508 4617 554 4676; x_wconf 86' lang='lat' dir='ltr'>Se.</span> <span class='ocrx_word' id='word_1_449' title='bbox 573 4620 626 4678; x_wconf 82' lang='lat' dir='ltr'>des</span> <span class='ocrx_word' id='word_1_450' title='bbox 645 4625 722 4682; x_wconf 72' lang='lat' dir='ltr'>med</span> <span class='ocrx_word' id='word_1_451' title='bbox 740 4629 824 4687; x_wconf 76' lang='lat' dir='ltr'>Tem.</span> <span class='ocrx_word' id='word_1_452' title='bbox 843 4630 867 4688; x_wconf 89' lang='lat'>1.</span> <span class='ocrx_word' id='word_1_453' title='bbox 886 4651 917 4706; x_wconf 87' lang='lat' dir='ltr'>p.</span> <span class='ocrx_word' id='word_1_454' title='bbox 933 4643 994 4706; x_wconf 75' lang='lat'>139.</span> <span class='ocrx_word' id='word_1_455' title='bbox 1048 4633 1084 4706; x_wconf 81' lang='lat' dir='ltr'>b)</span> <span class='ocrx_word' id='word_1_456' title='bbox 1103 4633 1225 4712; x_wconf 72' lang='lat' dir='ltr'>voyage</span> <span class='ocrx_word' id='word_1_457' title='bbox 1243 4631 1300 4694; x_wconf 77' lang='lat' dir='ltr'>litt.</span> <span class='ocrx_word' id='word_1_458' title='bbox 1319 4631 1407 4692; x_wconf 86' lang='lat' dir='ltr'>dela</span> <span class='ocrx_word' id='word_1_459' title='bbox 1424 4593 1522 4692; x_wconf 51' lang='lat' dir='ltr'>G&#39;rdce</span> <span class='ocrx_word' id='word_1_460' title='bbox 1541 4631 1624 4688; x_wconf 78' lang='lat' dir='ltr'>Tem.</span> <span class='ocrx_word' id='word_1_461' title='bbox 1642 4627 1681 4688; x_wconf 88' lang='lat'>11.</span> <span class='ocrx_word' id='word_1_462' title='bbox 1700 4648 1730 4706; x_wconf 84' lang='lat' dir='ltr'>p.</span> <span class='ocrx_word' id='word_1_463' title='bbox 1748 4635 1789 4692; x_wconf 73' lang='lat' dir='ltr'>re</span> <span class='ocrx_word' id='word_1_464' title='bbox 1844 4621 1948 4697; x_wconf 64' lang='lat' dir='ltr'>‘dl-⁸·</span> 
     </span>
     <span class='ocr_line' id='line_1_72' title="bbox 420 4703 1596 4818; baseline 0.007 -40"><span class='ocrx_word' id='word_1_465' title='bbox 420 4703 650 4792; x_wconf 72' lang='lat' dir='ltr'>d)&#39;1’⁰¹¹¹·1·1t·</span> <span class='ocrx_word' id='word_1_466' title='bbox 671 4725 735 4780; x_wconf 78' lang='lat' dir='ltr'>teo.</span> <span class='ocrx_word' id='word_1_467' title='bbox 806 4717 837 4792; x_wconf 84' lang='lat' dir='ltr'>a)</span> <span class='ocrx_word' id='word_1_468' title='bbox 854 4719 939 4779; x_wconf 72' lang='lat' dir='ltr'>Toni.</span> <span class='ocrx_word' id='word_1_469' title='bbox 958 4721 980 4780; x_wconf 86' lang='lat' dir='ltr'>t</span> <span class='ocrx_word' id='word_1_470' title='bbox 998 4741 1067 4801; x_wconf 65' lang='lat' dir='ltr'>pag.</span> <span class='ocrx_word' id='word_1_471' title='bbox 1088 4733 1149 4788; x_wconf 74' lang='lat' dir='ltr'>teo·</span> <span class='ocrx_word' id='word_1_472' title='bbox 1222 4723 1250 4800; x_wconf 82' lang='lat' dir='ltr'>i)</span> <span class='ocrx_word' id='word_1_473' title='bbox 1267 4725 1408 4804; x_wconf 59' lang='lat' dir='ltr'>Tem-Ii.</span> <span class='ocrx_word' id='word_1_474' title='bbox 1427 4741 1495 4810; x_wconf 65' lang='lat' dir='ltr'>m-</span> <span class='ocrx_word' id='word_1_475' title='bbox 1515 4722 1596 4818; x_wconf 71' lang='grc' dir='ltr'>46,Ι</span> 
     </span>
    </p>
   </div>
   <div class='ocr_carea' id='block_1_20' title="bbox 2062 675 2064 774">
    <p class='ocr_par' dir='ltr' id='par_1_21' title="bbox 2062 675 2064 774">
     <span class='ocr_line' id='line_1_73' title="bbox 2062 675 2064 774; baseline 0 0"><span class='ocrx_word' id='word_1_476' title='bbox 2062 675 2064 774; x_wconf 77' lang='lat' dir='ltr'>i</span> 
     </span>
    </p>
   </div>
   <div class='ocr_carea' id='block_1_21' title="bbox 0 0 2108 5482">
    <p class='ocr_par' dir='ltr' id='par_1_22' title="bbox 0 0 2108 5482">
     <span class='ocr_line' id='line_1_74' title="bbox 0 0 2108 5482; baseline 0 5"><span class='ocrx_word' id='word_1_477' title='bbox 0 0 2108 5482; x_wconf 95' lang='lat' dir='ltr'> </span> 
     </span>
    </p>
   </div>
  </div>
 </body>
</html>
