4244 5484
581 478 676 557 ,ιι
721 419 1129 588 unanimanti
1170 485 1324 563 nam·

154 683 298 749 qnorum
313 663 407 726 numi
422 683 494 742 eam
504 661 602 748 plano
616 664 791 730 retinuere.
814 663 905 728 Idem

155 759 280 832 iao'tum
305 767 492 853 reperimus
524 765 597 831 oum
621 767 794 850 tribuuiois
816 779 907 852 pots·

156 882 260 945 state,
292 883 326 933 at
357 869 546 944 consulatus
577 891 617 933 ιι
641 889 721 934 vero
749 890 809 950 eos
831 891 907 956 pro·

153 987 274 1058 ptem
295 985 471 1054 utrumque
493 991 609 1034 munus
630 971 822 1056 repudiasse
844 987 908 1036 sta·

157 1075 311 1139 tuemus?
376 1075 502 1136 Tamen
545 1093 662 1136 numos
705 1075 908 1138 Constantini

156 1180 221 1253 E,
259 1177 315 1261 qui
343 1195 419 1238 eum
452 1175 640 1258 pontificem
669 1195 755 1240 max.
785 1176 907 1252 dieunt,
923 1178 937 1196 ⁸

156 1279 193 1340 iu
216 1277 289 1360 ejus
311 1290 442 1340 moneta·
471 1276 639 1353 dedimus,
670 1276 833 1340 studiant
855 1280 908 1339 Bi·

157 1379 293 1444 mardus
320 1401 499 1456 marmora,
535 1397 619 1462 quas
647 1379 735 1442 idem
767 1379 818 1439 illi
840 1381 908 1442 elo·

157 1484 251 1566 giam
265 1481 466 1564 tribuaria).
440 1479 654 1574 )Qund
629 1503 656 1544 ιι
673 1481 781 1543 illud
772 1503 804 1540 ιιι
824 1478 906 1544 lilio·

157 1605 234 1648 rum
253 1585 454 1650 Constantini
476 1587 522 1648 Μ.
539 1583 644 1646 numia
672 1585 827 1646 omissum
846 1596 906 1656 est,

158 1705 288 1750 oausam
318 1685 425 1748 adfert
454 1685 627 1758 Bimardus
649 1683 703 1767 h),
735 1688 809 1770 quia
837 1699 906 1750 tum

159 1787 303 1874 demptis
323 1789 423 1852 titulis
442 1795 598 1853 Dominus
614 1799 735 1865 noster,
767 1793 907 1870 Impera·

158 1903 227 1968 tor,
251 1895 383 1968 Caesar,
413 1896 598 1974 Asperius,
628 1889 749 1975 reliqui
779 1913 903 1969 omnes,

157 1993 286 2057 seilicet
301 1995 461 2070 consulis,
485 1995 802 2076 tribumpotestatis,
824 2011 905 2078 pon·

156 2093 257 2158 tiliois
285 2091 418 2158 maximi
447 2096 567 2180 passim
598 2097 631 2156 in
660 2097 767 2158 numia
799 2097 904 2158 omitti

157 2217 313 2284 coepere.
358 2197 444 2261 Sane
468 2199 625 2262 haetenus
641 2219 759 2262 numus
775 2199 902 2278 luliani,

156 2302 213 2384 qui
244 2304 330 2366 huno
356 2300 543 2384 pontificem
567 2315 718 2377 vocaret,
749 2316 902 2385 repertus

155 2423 224 2464 non
248 2417 314 2478 est,
343 2405 406 2466 etsi
433 2403 589 2466 Libanius
619 2415 759 2468 testetur
774 2407 822 2485 ⁰),
852 2405 902 2466 illi

155 2523 223 2564 uon
242 2507 362 2567 minori
378 2506 535 2591 voluptati
555 2507 655 2570 fuisse
673 2507 801 2568 titulum
823 2527 902 2591 pou·

155 2606 270 2682 tiliois,
295 2629 389 2692 quam
404 2607 622 2695 imperatoris.
664 2607 760 2672 Addo
776 2629 839 2692 ego
855 2622 903 2673 te·

155 2711 343 2774 stimonium
361 2711 449 2774 aliud
473 2711 635 2785 Socratis,
659 2713 910 2796 conquerentis„

155 2815 316 2876 lulianum
330 2814 541 2898 semetipsum
550 2812 737 2898 pontificem
751 2837 835 2882 max.
849 2831 904 2902 ap·
922 2870 925 2876 .

154 2915 299 2999 pellasse
315 2915 359 2996 d).

219 3018 303 3080 Sunt
334 3017 416 3080 haee
437 3017 564 3100 potiora
587 3031 796 3102 argumenta,
820 3041 902 3106 quas

154 3120 325 3202 ιιριιῑιιι
367 3119 612 3198 Gothotredus,
661 3121 802 3196 aetnae,
846 3107 902 3208 qui

154 3222 244 3285 hune
265 3223 438 3299 refutavit,
467 3225 593 3288 Boeins.
637 3225 772 3288 Addidit
800 3227 902 3288 conti·

152 3344 222 3388 nno
253 3345 310 3387 sna
340 3327 475 3412 propria
506 3325 696 3406 Bimardus,
726 3327 784 3392 sed
812 3341 901 3391 ants·

153 3448 253 3511 quam
278 3427 363 3520 istpd
383 3443 512 3511 ageret,
544 3429 823 3512 praemonendum
843 3449 901 3493 us·

154 3531 301 3593 essurio
331 3532 421 3594 duxit
442 3535 488 3615 e),
522 3533 555 3594 in
576 3533 731 3616 pontifice
759 3534 899 3596 maximo
921 3575 938 3608 0

153 3631 217 3694 tria
247 3653 322 3696 esse
346 3633 538 3716 spectanda,
569 3635 698 3700 titulum
728 3621 900 3720 ipsum,'a

153 3753 221 3818 qno
258 3735 325 3812 illi,
361 3737 417 3820 qui
451 3757 493 3800 eo
532 3738 770 3814 ornatusfuit,
809 3758 900 3801 saera

153 3837 315 3920 quaedam
343 3837 511 3900 veneratio
528 3839 683 3917 accessit,
706 3837 827 3902 deinde
843 3859 901 3924 po·

151 3953 272 4014 testas,
301 3941 458 4022 quasilli
479 3941 649 4024 utriusque
670 3941 768 4004 sexus
793 3961 901 4004 aanor·

151 4041 249 4105 dotes
266 4043 426 4124 subjecit,
449 4056 481 4104 et
498 4063 579 4134 quae
598 4043 699 4106 vetuit
723 4057 777 4108 aut
797 4047 900 4132 aduae

151 4145 290 4206 rationis
315 4145 439 4206 cultum
465 4145 621 4222 stabiliri,
650 4159 709 4232 aut*
726 4144 790 4226 jam
807 4165 901 4208 rece·

150 4261 242 4331 ptum
267 4245 452 4318 immutari,
475 4245 617 4328 denique
645 4250 789 4309 muneris
806 4265 901 4310 exer·

149 4351 283 4426 sitium,
316 4347 405 4431 quod
426 4352 604 4434 praecipue
624 4349 658 4410 in
675 4349 900 4418 administran-

150 4451 200 4514 dis
223 4451 485 4529 eaedentibus,
517 4467 549 4514 et
572 4449 751 4522 offerendis
779 4449 900 4514 sauriti-

153 4675 260 4757 'a.)l
280 4701 307 4740 e.
329 4703 359 4760 p.
381 4689 442 4744 108.
514 4679 645 4752 mitid.
664 4699 694 4758 p.
717 4693 806 4846 ιιοΡ
846 4679 1007 4830 cttl’aasg.
1026 4676 1111 4736 Τιιι
1130 4673 1167 4736 ll.
1184 4693 1215 4755 p.
1234 4683 1334 4752 295.

731 4779 765 4848 g)
808 4777 925 4846 agli

149 4771 386 4853 s)Le..·p8tl
459 4769 574 4848 DPsg.
597 4774 659 4838 160·

1633 515 1706 601 aaa

962 667 1022 732 siis
1045 669 1230 735 Διιοιιιιιιιιιι.
1260 669 1480 754 'Postremum
1511 672 1598 741 istud
1631 701 1705 745 cnm

961 770 1133 855 roligionis
1151 774 1357 838 Christianae,
1366 777 1551 861 praeseptis
1573 800 1706 868 oompoq

961 874 997 934 ni
1023 895 1089 937 nou
1119 877 1284 968 potuisse,
1311 877 1382 960 ipse
1413 876 1510 967 facile
1541 880 1708 969 intelligit,

961 994 1030 1036 non
1069 989 1177 1038 tamen
1195 991 1197 998 ’
1217 978 1401 1058 adversatae
1423 979 1530 1042 'fuisso
1576 987 1707 1068 priores

966 1075 1045 1139 duas
1068 1095 1196 1154 causas,
1220 1079 1426 1164 quinpotius
1448 1081 1487 1144 ad
1511 1069 1708 1167 amplitican-

965 1176 1039 1238 dant
1069 1179 1266 1260 religionem
1297 1182 1530 1262 Christianam,
1561 1201 1594 1249 et
1615 1211 1708 1254 noem
1794 1175 1798 1184 ¹

965 1281 1099 1341 cendam
1122 1281 1341 1345 idololatriam
1374 1230 1549 1364 plurimuin
1580 1293 1709 1356 eonfer-

964 1401 1001 1443 re
1034 1383 1105 1465 opis
1136 1386 1291 1484 potuisse.
1341 1386 1432 1447 Haeo
1462 1390 1568 1452 omnia
1597 1395 1706 1481 multis

964 1483 1178 1559 testimoniis,
1228 1485 1493 1571 argumentisque
1537 1474 1708 1558 confirmat

957 1585 1075 1668 petitis
1101 1605 1160 1647 ex
1167 1587 1348 1651 historia
1318 1609 1388 1670 ejus
1405 1611 1477 1650 aera
1469 1589 1569 1656 ande
1586 1617 1603 1656 ι
1624 1599 1710 1662 Con·

964 1689 1104 1749 stantino
1126 1689 1170 1748 Μ.
1194 1709 1303 1773 usque
1319 1689 1359 1752 sd
1382 1692 1590 1775 Gratianum,
1621 1701 1707 1762 soln-
1825 1749 1826 1757 ,

962 1790 1071 1874 tisque
1107 1791 1274 1874 pertinace
1315 1815 1416 1876 opera
1456 1798 1593 1872 dubiis„
1622 1821 1706 1886 quae

963 1891 1093 1956 obstare
1122 1894 1302 1957 sententiae
1334 1915 1410 1958 suae
1437 1914 1587 1980 possent.
1639 1905 1706 1967 Μι-

963 2015 1061 2078 gnum
1077 1993 1127 2054 illi
1148 2011 1350 2058 momentum
1367 2013 1418 2060 est
1438 2001 1607 2088 inscriptio
1624 2025 1706 2087 pon·

961 2098 1003 2158 tis
1026 2095 1157 2194 liberis
1178 2099 1211 2158 in
1236 2097 1446 2184 nuncusque
1467 2103 1553 2166 diem
1580 2107 1705 2170 Romae
1729 2155 1732 2166 .
1766 2179 1774 2192 ,

961 2199 1147 2280 proposita,
1182 2213 1242 2262 et·
1282 2201 1428 2286 ipsorum
1475 2205 1704 2287 Valentiniani,

959 2301 1124 2379 Valentis,
1157 2299 1338 2387 Gratiani„
1356 2303 1413 2385 qui
1443 2305 1562 2368 eodem
1591 2329 1706 2374 omnes

959 2403 1110 2488 tempore
1143 2405 1285 2488 Augusti
1321 2403 1473 2482 fuerunt,
1512 2413 1704 2476 auctoritate

958 2507 1049 2590 ponti
1068 2507 1208 2584 inserta,
1237 2526 1319 2590 quae
1346 2508 1483 2592 singulis
1500 2509 1607 2593 palam
1624 2533 1705 2597 pon-

959 2605 1055 2671 tilicis
1077 2627 1159 2670 max.
1188 2627 1308 2692 nomen
1338 2609 1437 2672 addit.
1480 2614 1562 2674 Eam
1587 2617 1704 2678 amul·
1748 2686 1751 2692 ,

954 2710 1002 2773 >tis
1016 2710 1088 2772 aliis
1108 2709 1228 2772 editam
1244 2709 1344 2771 hahes
1361 2707 1445 2792 apud
1463 2714 1643 2779 Gruterum
1663 2713 1701 2798 ¹).

959 2815 1011 2874 Ex
1031 2811 1096 2896 q'uo
1118 2812 1225 2894 arguit
1246 2811 1437 2888 Bimsrdup,
1458 2817 1619 2896 quamdiu
1641 2821 1703 2886 Va·

959 2915 1171 2987 lentinianus,
1189 2911 1375 2996 Valensque
1388 2917 1581 2997 superstites
1595 2918 1701 2998 fuere,

958 3016 1146 3082 Gratianum
1173 3033 1327 3077 recusare
1353 3035 1419 3077 non
1439 3018 1585 3100 potuisse
1614 3021 1703 3086 obla·

959 3133 1026 3182 tum
1045 3115 1287 3202 pontificatum,
1310 3136 1408 3201 (ιιιιι
1419 3119 1513 3184 ultro
1523 3143 1701 3206 suscepere

958 3223 1107 3298 seniores
1138 3217 1287 3302 Augusti.
1330 3221 1374 3308 At
1400 3236 1609 3309 posteaquam
1650 3227 1703 3290 his

958 3322 1023 3388 vita
1039 3321 1157 3384 functis
1171 3322 1294 3404 primus
1308 3323 1494 3406 Augustus,
1515 3331 1702 3414 atqueuni·

929 3511 938 3522 ἑ
958 3445 1015 3488 ιιι
1031 3423 1148 3500 erasit,
1170 3425 1252 3486 nihil
1268 3425 1332 3506 jam
1349 3424 1532 3508 obstitisse,
1555 3451 1620 3517 quo
1642 3431 1703 3496 mi·
1733 3484 1737 3498 .

955 3549 1017 3590 ιιι
1044 3525 1152 3589 libere
1171 3527 1373 3592 voluntatem
1398 3535 1487 3592 s'uam
1509 3525 1702 3619 explicarit.

958 3625 1056 3722 Quod
1069 3628 1234 3713 reliquum
1250 3643 1301 3691 est
1312 3627 1565 3715 dissertationis,
1587 3637 1664 3702 inde
1683 3659 1703 3724 a

955 3731 1073 3816 pagina
1107 3734 1165 3795 225
1197 3730 1419 3796 examinandis
1447 3737 1585 3800 Ausonii
1622 3742 1703 3805 seri·

956 3835 1019 3922 ptis
1036 3832 1215 3919 impendit,
1242 3833 1334 3918 cujus
1355 3835 1537 3904 testimonia
1556 3863 1631 3925 pars
1653 3859 1702 3907 ut·

956 3955 1058 4021 reque
1080 3935 1122 4000 ad
1152 3949 1279 4000 oausam
1309 3958 1399 4000 suam
1421 3940 1507 4004 solat
1529 3941 1699 4008 advocare.

956 4041 1130 4104 Postremo
1155 4038 1323 4124 impugnat
1344 4037 1445 4103 iidem
1475 4047 1701 4110 monumento·
1778 4087 1785 4108 .

955 4163 1046 4218 rum,
1074 4135 1116 4204 ox
1146 4160 1285 4226 quorum
1315 4139 1463 4204 doctrina
1493 4159 1699 4227 sequeretur,

956 4241 1062 4307 adhue
1086 4242 1348 4313 Valentinianum
1373 4227 1451 4320 11'1.,
1487 4245 1698 4325 Marcianum,

952 4359 990 4434 ¹et
1007 4343 1163 4408 lustinum
1179 4345 1202 4409 l.
1221 4342 1326 4408 dictos
1341 4341 1625 4431 fuissapontiliees
1636 4371 1700 4414 ma·
1766 4385 1770 4394 ·

956 4449 1062 4512 ximus
1077 4449 1120 4532 ιι)
1197 4464 1203 4475 ·

1371 4661 1730 4774 ιιιιηιιιιιωιι
