4226 5500
596 569 673 646 An
707 568 992 648 vonuunu
1025 573 1266 650 futuru.
1662 541 1703 663 ἰι

158 741 250 804 dium
264 739 567 810 iu-triltunutnlill'.
583 743 780 827 jemsaltem
805 742 905 806 luisse
1268 749 1390 838 ⁸lieo.

157 843 249 910 [ΜΡ.
274 837 405 912 XXVII.
1027 847 1125 907 Numi
1145 845 1220 909 huic
1241 829 1391 912 Faleriae
1417 846 1529 912 tributi
1551 865 1624 916 suut
1641 855 1711 916 Eli·

423 975 442 1010 e
527 929 551 963 ⁴⁹
630 975 650 1012 u
966 945 1026 1015 die.
1049 949 1089 1017 V.
1109 947 1204 1030 hujus
1218 969 1345 1014 numos.

223 1049 331 1133 Atque
351 1047 391 1110 d'e
409 1047 460 1110 ltis
476 1045 687 1126 Cunobelini‚
711 1061 744 1112 et
764 1049 908 1112 Camalo-
1027 1049 1164 1134 Appliea
1176 1050 1251 1128 hue,
1266 1072 1347 1136 qnae
1360 1051 1394 1112 in
1406 1047 1504 1114 simili
1516 1073 1620 1134 causa,
1634 1075 1709 1119 enm

157 1145 238 1210 duni
246 1150 353 1212 nuntie
361 1148 723 1214 distinotiueritlebetur
733 1151 905 1234 egendum.
965 1152 1020 1214 sliu
1036 1153 1221 1236 litigaretur
1236 1151 1277 1216 de
1295 1173 1394 1218 senen
1409 1154 1558 1218 vocabuli
1571 1151 1709 1237 ΒΙΡΙΣ,

157 1250 318 1335 Reliquos
340 1252 471 1315 omnino
493 1252 585 1314 lubet
603 1253 801 1336 praeterire:
828 1275 859 1320 r.
877 1275 905 1316 c.
945 1237 1104 1340 vdisputat
1119 1254 1264 1336 Heyuius
1283 1256 1317 1315 in
1338 1275 1412 1317 suo:
1443 1256 1633 1342 Sammlung
1655 1281 1709 1322 au·

158 1351 363 1422 noovtttt
379 1354 434 1420 vel
449 1353 627 1432 BODVO,
649 1352 807 1418 creditam
823 1355 905 1418 Boe·
963 1357 1020 1441 tiq.
1033 1356 1125 1420 Aule.
1145 1378 1155 1416 t
1172 1355 1282 1420 Stttclt.
1301 1357 1334 1422 S.
1344 1357 1396 1434 (14.
1418 1361 1500 1422 ltem
1516 1379 1709 1442 perversum

159 1452 288 1519 eliceam
296 1455 443 1540 reginam
453 1477 495 1520 ex
504 1455 618 1520 Tacito
627 1457 799 1540 cognitam,
812 1457 904 1522 CAS.
961 1456 1118 1541 judicium
1138 1456 1336 1535 Froelichii,
1361 1459 1551 1540 Pellerinii,
1572 1461 1709 1528 Bartho-

159 1555 402 1624 Ceesirelanum
429 1578 546 1642 regem
569 1581 594 1621 es
610 1558 719 1620 Dione
745 1577 905 1622 memore·
962 1559 1055 1626 leutii
1072 1561 1113 1624 de
1133 1560 1238 1623 numie
1256 1559 1444 1624 Selinuntis.

157 1671 244 1736 tum,
265 1657 446 1738 chcto,
467 1681 565 1746 quem
580 1660 798 1727 Bouteroviue
815 1674 906 1745 putu·
944 1713 948 1722 .

157 1759 205 1823 vit
227 1779 302 1824 esee
319 1761 476 1840 Lucium,
501 1763 557 1847 qni
579 1783 697 1848 regum
720 1762 843 1846 primus
870 1762 905 1824 in
1149 1767 1185 1828 P.
1199 1757 1335 1847 93.,col.
1349 1786 1375 1829 ι».
1394 1766 1454 1828 liu.
1468 1763 1519 1829 aa.

155 1862 324 1928 Britannia
354 1863 477 1928 Christi
507 1863 606 1928 fidem
636 1864 805 1948 professus
837 1878 904 1942 ‘tls
1026 1881 1184 1964 Iosephus
1224 1883 1368 1948 Casulius
1408 1885 1442 1945 iu
1483 1883 1710 1950 dissertatione

155 1965 258 2026 REX·
292 1967 459 2044 CALLE‚-
488 1965 573 2048 opud
601 1965 801 2029 camdenum
839 1979 903 2030 ⁰2⁰·
963 2005 1046 2046 anno
1064 1984 1213 2066 proxime
1232 1985 1345 2068 elapso
1359 1987 1484 2050 Romae
1504 1985 1633 2071 vulgata
1647 1988 1708 2051 hos

156 2069 300 2145 Harum,
316 2067 534 2152 similiumque
548 2067 793 2151 inscriptionum
809 2067 904 2151 plura
962 2105 1078 2148 numos
1093 2085 1127 2146 i„
1145 2085 1282 2150 insulam
1300 2087 1506 2152 pjphffimm
1523 2088 1634 2152 cumi,
1654 2110 1710 2172 ⁰l’·

157 2167 310 2251 exempla
329 2169 393 2252 jsm
410 2168 487 2233 dedi
504 2167 545 2232 ud
561 2168 684 2232 calcem
707 2183 904 2232 commente-
962 2187 1100 2268 positam
1115 2187 1246 2269 trajicit.
1268 2189 1394 2254 verum
1414 2209 1528 2253 omne,
1554 2189 1616 2253 1120
1638 2211 1711 2253 ren·

156 2270 284 2332 ‘imm
309 2269 344 2332 5¹¹
367 2291 490 2334 ulmi
507 2269 662 2340 Gallim·
691 2270 904 2352 C⁰¹¹l²⁰⁸¹¹f³⁸
962 2287 1083 2352 tentiae
1103 2286 1260 2354 hactenus
1279 2291 1366 2353 intre
1381 2291 1585 2375 conjecturas
1604 2291 1710 2356 conei-

156 2391 239 2436 vcro
259 2370 302 2434 tle
322 2371 372 2435 hie
391 2373 542 2450 fallaces,
573 2385 607 2436 et
628 2391 724 2454 saepe
750 2369 904 2434 absurdas
963 2402 1069 2454 etum·-

155 2485 235 2557 pete
255 2472 497 2538 exauctoribus
511 2471 660 2550 laudetis,
678 2473 855 2552 Cumdeno,
871 2486 905 2536 et
947 2531 964 2547 ,,

157 2573 254 2658 hujus
271 2587 527 2640 commentatore
544 2576 722 2652 walhem,
745 2577 906 2640 Boutere·
1159 2551 1265 2640 1193ss
1283 2555 1344 2618 ⁶⁰²·
1359 2573 1388 2617 ²²
1406 2557 1465 2618 liu.
1478 2579 1517 2641 7..

159 2675 231 2752 rio,
254 2677 376 2742 Wisio.
410 2677 495 2740 Sanc
520 2698 602 2762 quae
625 2677 676 2738 illi
700 2677 838 2740 ridicule
862 2675 903 2739 ad
1025 2677 1166 2739 Numam
1189 2675 1275 2739 hunc
1295 2677 1359 2758 jam
1382 2675 1461 2739 elim
1482 2675 1516 2738 in
1538 2676 1620 2740 meis
1643 2678 1708 2740 Nu-

157 2777 386 2860 expliceudum
402 2779 596 2846 vocabulum
612 2777 787 2856 Ttsoto,
805 2777 903 2840 TAS·
961 2777 1022 2840 mis
1045 2777 1232 2856 veteribus,
1260 2791 1294 2841 et
1314 2797 1401 2840 nuno
1423 2776 1542 2839 iterum
1564 2779 1706 2862 Populo·

157 2880 323 2948 cvattnt
339 2894 401 2944 etc.
419 2881 452 2942 in
468 2880 520 2943 his
536 2878 643 2954 nuntie
657 2899 754 2965 saepe
771 2878 902 2944 obvium
961 2880 1034 2944 niue
1069 2879 1205 2963 largitur
1238 2901 1309 2942 sum
1340 2891 1479 2962 propter
1511 2897 1707 2966 coneursum

156 2968 315 3057 attulere,
338 2982 464 3065 aptiora
482 2981 561 3044 mihi
579 3001 716 3059 scenae,
741 3001 836 3064 quam
853 2999 903 3042 se·
960 2980 1096 3044 ducrum
1122 3001 1309 3059 causarum,
1335 2980 1476 3064 primum
1498 2979 1608 3046 larvae
1633 3001 1707 3042 cum

156 3084 215 3146 riie
231 3084 473 3148 commentariis
490 3082 694 3150 ridebantur.
724 3083 794 3146 Nisi
817 3100 900 3165 ergo
957 3083 1068 3166 lingua
1079 3080 1326 3166 ejecta„rleinde
1340 3081 1548 3166 globulorum
1564 3084 1598 3144 in
1611 3096 1703 3165 perte

156 3187 338 3268 scriptores
353 3189 487 3270 nuperi,
509 3205 590 3270 quos
606 3184 688 3248 mihi
706 3197 793 3248 tanto
811 3181 901 3244 hiatu
958 3207 1088 3262 eversa,
1113 3183 1267 3247 nimirum
1293 3205 1334 3248 ex
1359 3185 1436 3267 lege
1462 3184 1495 3245 in
1518 3183 1569 3246 his
1593 3183 1707 3246 studiis
1775 3209 1778 3216 ·

157 3285 364 3356 commendet
378 3309 554 3370 anonymus
567 3307 677 3364 mene„
691 3277 797 3350 senius
812 3284 900 3370 quid,
957 3299 1109 3372 recepta,
1139 3307 1215 3350 eum
1246 3306 1346 3349 numo
1379 3285 1602 3370 anepigrapho
1624 3285 1706 3348 adsi·

156 3409 194 3450 ue
212 3389 422 3454 verisimilius
441 3389 570 3467 dixere,
591 3409 646 3452 ree
666 3401 758 3452 retus
775 3387 902 3449 Britan·
959 3389 1086 3474 munde
1102 3401 1152 3452 est
1166 3387 1279 3472 patriar
1301 3385 1435 3452 Pridem
1449 3407 1623 3462 noveram,
1648 3388 1707 3450 Ca·

156 3492 230 3558 niue
253 3491 449 3570 monetaria,
474 3505 538 3556 mm
561 3490 700 3576 putanda
720 3503 770 3554 set
788 3488 902 3552 obsen-
958 3491 1102 3554 marinae
1126 3509 1257 3575 quoque
1274 3509 1390 3552 numos
1408 3489 1441 3550 ir
1461 3510 1522 3551 unu
1544 3485 1628 3551 fac'le
1649 3507 1705 3550 ex-

155 3614 209 3670 ra,
234 3611 272 3656 ne
289 3593 378 3661 sinae
395 3594 546 3672 nomine,
566 3615 661 3680 quam
682 3612 748 3656 uos
757 3603 918 3653 nostrum
959 3591 1074 3655 hibere
1096 3593 1235 3668 larvam,
1263 3591 1298 3652 in
1318 3589 1422 3654 altera
1443 3589 1606 3674 globulos.
1640 3590 1706 3656 Ve-

156 3695 352 3759 Gemnaniae
375 3695 573 3780 experimur.
603 3695 647 3758 At
669 3712 734 3779 quo
755 3693 786 3754 ie'
805 3705 900 3776 paeto
958 3715 1031 3756 rum
1052 3693 1111 3757 illo
1131 3706 1300 3777 tempore,
1327 3710 1392 3774 quo
1414 3689 1531 3774 pagine
1555 3691 1637 3754 haec
1659 3703 1705 3774 ty-

156 3797 386 3862 tantemnohis
402 3818 494 3882 spem
512 3810 620 3881 potest
633 3793 804 3881 polliceri,
826 3813 901 3856 cum
958 3795 1181 3890 piescxpreesa
1197 3795 1274 3870 fuit,
1294 3790 1439 3855 nondum
1455 3791 1537 3854 mihi
1555 3792 1704 3875 cognitus
1765 3793 1788 3810 ·”

156 3899 228 3984 ipse
252 3901 316 3983 jam
340 3912 434 3964 entes
459 3898 627 3976 edixerit,.
653 3899 686 3960 in
709 3895 901 3960 Pinltertoni
958 3897 1020 3960 tuit
1036 3897 1227 3961 camerinae
1248 3912 1365 3958 numus
1383 3914 1458 3957 cum
1474 3892 1625 3978 peristasi
1644 3893 1706 3955 lin-

157 4023 261 4088 opere
291 4001 472 4086 perlectam
501 3989 600 4084 hujus
624 3999 727 4086 partis
755 3998 900 4066 notitiem
959 4019 1042 4085 guae
1057 3999 1145 4062 iores
1159 3997 1337 4084 projectae.
1351 3995 1433 4059 Num
1447 3994 1607 4080 Princeps
1622 3996 1705 4057 Tur·

158 4103 345 4170 contineri?
412 4111 417 4122 ¹
958 4103 1005 4164 ris
1035 4099 1157 4163 Mutine
1188 4100 1222 4162 in
1253 4097 1365 4162 Sicilia
1397 4119 1452 4160 sua
1480 4096 1704 4161 numismatica

287 4241 294 4256 ·
959 4202 1029 4286 ejus
1054 4199 1185 4284 generis
1205 4198 1331 4261 nullum
1354 4197 1489 4274 obtulit,
1517 4197 1576 4262 sed
1599 4199 1704 4262 serint

356 4288 456 4354 1³85·
474 4289 579 4354 0⁰1³·
595 4287 703 4355 HM·
957 4302 1054 4366 binos
1073 4304 1106 4364 in
1124 4320 1184 4364 suo
1202 4299 1357 4363 Auctario
1374 4301 1417 4376 1.,
1440 4298 1500 4362 sed
1517 4299 1603 4382 quod
1622 4323 1703 4384 epus

240 4409 401 4474 Delestnr
416 4409 555 4476 Falisci.
786 4411 790 4418 '
958 4403 1088 4468 nonnisi
1119 4402 1250 4486 vulgato
1280 4400 1458 4464 Doctrinae
1490 4421 1583 4465 meae
1614 4403 1706 4466 volu·

959 4505 1046 4568 mine
1062 4507 1087 4568 l.
1104 4503 1147 4568 ed
1168 4523 1212 4567 ne
1238 4502 1400 4588 perlatum
1423 4515 1491 4578 est,
1516 4501 1605 4588 quod
1630 4501 1705 4567 fieri

345 4595 447 4677 aeq.
466 4593 529 4656 0⁰²·
544 4615 571 4660 ¹·
590 4593 649 4656 ²¹⁸⁸·
662 4609 714 4672 22·
959 4609 1043 4672 solet
1061 4607 1095 4668 in
1112 4619 1198 4672 tantu
1211 4605 1383 4688 regionum
1399 4603 1559 4671 distantia.
1581 4607 1704 4674 Veram

220 4713 419 4790 omittenda,
434 4734 516 4800 quae
532 4713 683 4778 dicuntur
698 4711 739 4776 dc
759 4712 900 4777 Μανία.
960 4709 1042 4772 udee
1073 4707 1163 4771 numi
1195 4705 1292 4792 hujus
1322 4705 1459 4792 petriam
1483 4728 1547 4772 una
1568 4705 1704 4772 scientie

1390 4809 1460 4870 B'u
