4256 5504
351 402 480 552 ‚aa¹
682 431 686 444 '
847 401 1539 538 ΜΑΧΙΜΙΑΝνεΗΕΒο.”’

379 647 546 716 cularibus
584 643 715 710 obstare
749 643 905 710 disertam
946 637 1128 712 orationem
1187 640 1416 717 commodare,
1444 639 1617 726 utrinque,
1646 661 1709 707 ceu
1730 643 1764 710 in
1786 647 1938 714 Maximi·
2022 703 2026 710 .

315 823 319 832 ,
382 749 523 828 Zosimi,
553 746 628 834 qui,
657 765 731 814 cum
760 761 891 834 ternpus
918 750 1025 834 ipsum
1048 747 1131 812 adsi·
1186 765 1266 821 sno,
1288 741 1494 808 adhaerebis.
1556 771 1557 774 ¹

385 867 481 940 gost,
503 868 569 936 quo
591 864 667 933 post
686 846 888 915 Diocletiani
908 867 943 916 et
964 849 1130 919 ntaxtmia·
1250 845 1318 907 Iam
1341 863 1439 922 vero,
1462 858 1498 906 ut
1518 863 1559 908 ex
1582 845 1754 932 utriusque
1771 850 1938 936 impersu-

380 957 417 1021 ni
438 953 612 1039 imperium
636 952 827 1017 celebrandi
847 953 961 1032 fuere,
980 953 1131 1037 hocipso
1186 947 1229 1011 tis
1249 948 1357 1010 nuntie
1381 947 1486 1032 palato
1513 945 1565 1036 lit,
1587 947 1628 1010 ab
1653 963 1794 1038 utroque
1817 976 1938 1020 munus

382 1061 491 1144 palam
522 1054 638 1132 docet,
674 1053 732 1118 eos
766 1053 853 1118 intra
882 1057 1000 1120 horum
1028 1057 1133 1140 impe·
1189 1051 1358 1114 saeculare
1375 1050 1483 1114 saissa
1506 1039 1645 1128 editum,
1668 1054 1715 1116 sic
1735 1076 1831 1139 quam
1847 1072 1938 1122 uter-

383 1163 468 1226 rium
494 1173 585 1222 actos
610 1175 675 1220 nou
704 1157 824 1237 fuisse,
856 1173 890 1224 et
913 1161 941 1222 ai
967 1165 1032 1223 acti
1053 1157 1132 1220 tais-
1190 1173 1254 1240 que
1273 1155 1307 1216 in
1322 1167 1507 1238 temporum
1527 1153 1655 1218 ratione
1678 1171 1811 1222 secutus
1831 1161 1873 1222 sit
1889 1161 1942 1223 le·

385 1277 477 1340 sent,
499 1283 539 1326 an
563 1259 649 1322 istud
667 1259 806 1344 fugisset
826 1259 993 1334 hominem
1012 1261 1131 1324 horum
1190 1276 1286 1342 gem,
1303 1270 1366 1320 tam
1382 1271 1623 1342 parumpotest
1637 1257 1819 1338 adfirmari,
1839 1283 1938 1348 quarn

373 1366 539 1462 'ludorum
581 1362 805 1445 superstitioni
852 1377 916 1426 tam
958 1363 1132 1447 pertinaci·
1191 1372 1242 1422 est
1267 1378 1407 1442 pronum
1429 1359 1587 1438 credere,
1622 1383 1719 1424 unam
1743 1364 1875 1450 utrique
1900 1367 1940 1430 li·

383 1483 438 1532 ter
455 1463 643 1530 addictum?
666 1466 789 1528 Tamen
809 1487 926 1529 numus
947 1465 1002 1528 hic
1023 1465 1131 1549 singn-
1189 1459 1339 1526 bidinem
1365 1481 1413 1534 ac,
1429 1464 1699 1545 superstitionem
1728 1463 1814 1549 legis
1836 1467 1943 1534 instar

383 1571 474 1647 laria,
492 1592 509 1632 a
524 1584 589 1651 quo
605 1567 712 1631 omnis
728 1568 920 1653 longissime
938 1565 1030 1630 abest
1047 1566 1132 1630 lrau-
1189 1562 1304 1628 tuisse.
1348 1561 1433 1626 Sane
1458 1578 1490 1626 et
1511 1585 1574 1626 nna
1597 1563 1700 1629 libido
1723 1567 1852 1652 impulit
1872 1573 1940 1637 Ne·

384 1673 436 1736 dis
450 1669 610 1754 suspicio,
632 1682 721 1732 actos
735 1669 836 1732 fuisse
854 1667 915 1732 hos
930 1667 1026 1732 ludos
1040 1689 1133 1754 aper·
1190 1687 1325 1744 ronem,
1365 1679 1418 1741 nt,
1451 1666 1539 1749 quod
1570 1665 1676 1729 refert
1704 1667 1943 1757 Suetoniuv),

382 1791 418 1840 te
443 1773 597 1849 testatur,
627 1789 709 1854 quos
732 1771 834 1836 luisse
858 1773 1044 1836 saeculares
1065 1793 1133 1834 non
1190 1788 1265 1831 cum
1291 1769 1325 1830 iu
1351 1768 1522 1830 Graeciam
1545 1769 1729 1852 trajiceret,
1758 1775 1939 1840 certamina

385 1873 566 1962 epigraphe
600 1875 716 1948 morlo,
757 1874 816 1938 sed
846 1887 880 1937 et
904 1887 1000 1958 typus
1031 1875 1131 1958 cippi,
1191 1867 1348 1953 deinceps
1378 1869 1488 1933 obiret
1509 1870 1634 1948 omnia,
1667 1886 1701 1935 et
1723 1895 1805 1959 qnae
1828 1876 1938 1944 diuer-

386 1979 443 2064 qui
456 1978 543 2040 idem
566 1989 599 2038 et
614 1975 648 2036 in
664 1976 893 2062 Philipporum
914 1977 1132 2040 numisludo-
1189 1971 1392 2035 sissimorum
1425 1987 1611 2058 temporum
1643 1975 1756 2055 suere,
1793 1980 1870 2062 cogi
1902 1981 1939 2042 in

383 2083 457 2146 ruris
481 2078 695 2143 saecularium
722 2079 906 2162 symbolum
937 2093 1004 2158 est,
1034 2080 1132 2164 plane
1188 2095 1289 2136 unum
1310 2095 1429 2136 annum
1449 2076 1593 2159 juberet.
1636 2077 1739 2142 Forte
1766 2080 1943 2162 conjector

382 2181 594 2271 persuadent.
1188 2197 1393 2262 nequaquam
1414 2199 1515 2242 vanus
1538 2177 1695 2258 videbor,
1726 2182 1754 2243 si
1776 2184 1937 2268 suspicer,

447 2288 491 2349 At
519 2283 606 2345 enim
632 2301 698 2346 non
727 2283 816 2354 solus
843 2282 898 2362 hic
925 2297 976 2348 est
1002 2305 1131 2364 numus,
1188 2279 1350 2364 placuisse
1386 2279 1544 2344 ambobus
1580 2282 1752 2366 Augustis,
1796 2307 1939 2370 quorum

384 2388 442 2474 qui
458 2399 548 2450 actos
570 2383 680 2448 alieno
699 2395 852 2468 ternpore
871 2387 1074 2465 saeculares,
1097 2403 1132 2451 es
1190 2381 1340 2466 cognitus
1357 2397 1428 2446 erat
1444 2383 1476 2447 in
1499 2397 1647 2449 veterem
1670 2389 1941 2469 superstitionem

384 2488 556 2557 silentibus
573 2487 694 2551 irarum
712 2488 877 2550 historicis
895 2501 1043 2555 testatur.
1066 2482 1132 2554 H'a.
1188 2481 1305 2560 furor,
1333 2487 1529 2550 contrahere
1551 2489 1645 2572 longi
1666 2491 1790 2552 saecuti
1813 2505 1940 2578 tenpo-

309 2601 314 2614 '
381 2592 441 2656 het
459 2609 608 2652 museum
628 2590 824 2680 Caesareum
840 2590 935 2655 binos
954 2606 1130 2676 argenteos
1188 2607 1243 2662 re,
1275 2584 1412 2670 ejusque
1444 2590 1556 2674 elapso
1584 2590 1721 2655 dimidio
1743 2611 1854 2657 sacros
1875 2595 1940 2659 hos

383 2692 528 2757 Gallieni
552 2712 692 2768 numos,
720 2693 754 2753 in
785 2713 923 2778 quorum
946 2715 1013 2758 uno
1036 2695 1132 2766 SAE-
1190 2687 1286 2750 ludos
1308 2689 1439 2752 iterare.
1483 2692 1573 2754 lstud
1595 2691 1623 2754 si
1646 2693 1807 2772 dabimus,
1839 2696 1943 2760 facile

383 2794 598 2864 causitus.
635 2794 740 2861 Ave.
779 2795 916 2878 legitur,
954 2797 989 2856 in
1025 2797 1131 2860 altero
1190 2791 1395 2876 quadrabant
1417 2805 1575 2878 tempora.
1614 2796 1693 2880 Egit
1716 2799 1859 2862 Severus
1881 2783 1943 2882 po·

359 2923 360 2927 ¹
382 2897 534 2962 barbare
547 2895 847 2966 stncvntntis.
865 2897 986 2976 AVG„
1008 2898 1133 2962 utrobi·
1189 2907 1331 2958 stremos
1353 2897 1539 2960 saeculares
1562 2898 1694 2960 canonis
1715 2899 1877 2984 Augustei
1897 2903 1937 2971 V.

384 3023 449 3088 que
480 3013 531 3064 est
557 3013 652 3083 typus
674 3000 766 3065 cervi
788 3001 921 3077 stantis,
953 3013 987 3062 et
1008 3000 1042 3060 in
1064 3001 1131 3063 imo
1190 2998 1226 3060 0.
1250 3001 1324 3084 957.
1357 2996 1453 3060 suda
1476 2999 1548 3082 ejus
1569 2999 1738 3062 dimidium
1761 3025 1862 3067 annos
1884 3007 1941 3082 56,

382 3105 510 3190 palmae
540 3123 659 3166 rannus.
705 3103 830 3186 Refert
846 3102 1048 3180 Bandurius,
1078 3103 1132 3166 cni
1188 3099 1325 3164 babebis
1356 3121 1473 3165 annum
1504 3103 1546 3169 V.
1569 3103 1732 3180 nscia,
1765 3125 1830 3187 quo
1862 3107 1942 3170 Gal.

382 3219 523 3290 uterque
546 3204 601 3267 hic
623 3227 740 3268 numus
758 3209 907 3290 cognitus
926 3205 1005 3282 luit,
1027 3206 1130 3270 visuro
1189 3201 1298 3265 lienus
1326 3204 1509 3268 numeravit
1531 3203 1613 3266 trib.
1640 3216 1834 3286 potestatem
1862 3209 1939 3276 Vll.

382 3306 567 3380 nonnullis,
590 3319 718 3372 temere
739 3307 881 3370 Gallieni
905 3329 1005 3371 numo
1031 3309 1132 3392 adpli·
1189 3305 1307 3389 Neque
1344 3303 1463 3369 desunt
1499 3319 1707 3390 argumenta,
1746 3327 1829 3389 quoe
1868 3313 1941 3394 opi-

383 3421 487 3490 natam
510 3425 672 3486 aversam,
695 3429 777 3493 quae
800 3408 841 3471 ad
863 3409 1034 3493 Philippos
1057 3431 1132 3493 per·
1188 3407 1320 3482 cionem
1344 3409 1427 3470 bane
1448 3407 1587 3470 reddant
1608 3408 1834 3476 verisimilem.
1853 3413 1941 3474 Con·

382 3511 517 3574 tineret.
561 3509 686 3576 Verum
725 3511 780 3596 qui
818 3509 905 3574 istud
944 3509 1131 3592 credidere,
1189 3521 1266 3583 fleta
1298 3509 1358 3570 ”lb
1390 3505 1505 3572 eedem
1529 3510 1611 3572 haee
1634 3523 1785 3594 lempm
1807 3527 1941 3598 ceptum

383 3634 450 3677 non
481 3611 727 3696 expenderunt,
758 3615 791 3674 in
814 3615 1042 3699 Philipporum
1073 3639 1131 3679 nu·
1189 3633 1207 3674 a
1244 3611 1355 3674 Persis
1402 3625 1528 3700 patrem
1567 3611 1798 3692 Valerianum,
1844 3619 1939 3701 cujus

383 3715 456 3778 mis
476 3728 663 3778 constanter
697 3717 797 3782 scribi
833 3717 1131 3786 SAECVLARES.
1189 3716 1276 3778 sorte
1298 3713 1756 3800 imperio-grauissimioasus
1778 3739 1873 3783 cansa
1896 3721 1940 3784 ad

382 3815 534 3894 AVGG.,
558 3819 721 3900 geminato
744 3819 872 3883 scilicet
893 3820 939 3898 G',
962 3835 996 3884 et
1016 3821 1050 3882 iu
1073 3821 1128 3884 ho-
1188 3816 1378 3902 p'laosndam
1407 3817 1544 3880 deorum
1573 3819 1655 3882 irsru
1686 3821 1834 3883 arcessiti
1862 3835 1938 3886 sunt

287 3995 292 4001 ,
382 3941 458 3982 rnna
487 3920 551 3981 ima
580 3935 673 4003 parte
701 3941 762 4006 pro
784 3923 913 4006 palmae
934 3943 1025 3986 ramo
1048 3943 1133 3986 sem·
1188 3943 1206 3984 a
1242 3919 1394 3983 Gallieno
1432 3919 1503 3982 ludi
1525 3922 1802 3985 extraordinarii.
1844 3923 1938 3988 Idem

381 4043 446 4108 per
468 4041 661 4108 comparere
684 4039 793 4090 notam
815 4025 955 4110 aliquam
977 4025 1131 4089 arithmo·
1190 4023 1334 4088 calculus
1353 4014 1556 4088 'Maximiani
1593 4031 1725 4110 quoqne
1764 4025 1939 4088 saeculari-
2007 4021 2015 4028 ’

383 4126 502 4204 ticam,
529 4145 637 4211 neque
667 4127 701 4189 in
732 4129 849 4190 horum
882 4127 991 4212 aliquo
1019 4149 1133 4212 reper-
1190 4125 1251 4189 bus
1287 4127 1385 4193 favet.
1429 4128 1526 4190 Auno
1557 4127 1598 4196 V.
1632 4128 1668 4192 C.
1695 4147 1771 4190 roos
1799 4129 1939 4212 ¹peracti

382 4239 454 4290 tum
469 4229 626 4293 hactenus
641 4229 816 4292 barbarum
832 4229 1131 4300 stncvntnfls.
1190 4243 1265 4291 sunt
1307 4253 1325 4292 a
1368 4231 1532 4314 Philippis
1576 4209 1761 4294 saeculares
1785 4223 1939 4294 'canonis

384 4330 485 4412 Atqui
499 4331 527 4392 si
542 4333 635 4396 voles
651 4339 828 4418 utrumque
842 4353 1131 4418 canonem,quern
1190 4331 1370 4396 Claudiani.
1402 4334 1511 4409 ⁸Adde
1544 4333 1640 4415 hujus
1677 4331 1849 4396 dimidium
1884 4355 1940 4396 uu-

386 4451 483 4514 supra
506 4435 662 4517 exposui,
684 4435 827 4500 Gallieni
851 4435 1056 4521 temporibus
1078 4435 1132 4500 sd·
1189 4453 1250 4512 nos
1268 4437 1342 4511 do,
1382 4457 1508 4500 summa
1544 4435 1634 4499 dabit
1670 4455 1789 4498 annum
1828 4435 1868 4504 V·
1898 4433 1942 4501 Ca

422 4745 454 4821 a)
473 4745 506 4806 iu
523 4745 632 4811 Neron.
653 4769 676 4814 c.
697 4759 740 4819 ²3·
