4236 5480
585 1469 1301 1637 Puaurnrro

163 2211 298 2360 Quod
318 2253 368 2327 ad
390 2249 531 2326 calcem
554 2252 669 2354 partis
686 2251 716 2324 1.
738 2250 846 2350 hujus
873 2247 996 2350 operis
1018 2247 1138 2321 secere
1165 2247 1328 2342 institui,
1354 2249 1529 2329 nimirum
1550 2262 1721 2359 exposito

168 2393 287 2469 totius
311 2389 517 2489 argumenti
538 2387 634 2461 s'tatu
668 2383 849 2485 subjicere
876 2382 1067 2460 observata
1096 2383 1295 2483 generalia,
1323 2383 1454 2484 quibus
1475 2393 1637 2490 partium
1654 2421 1723 2498 per

170 2545 295 2603 totum
319 2549 413 2626 opus
433 2531 640 2638 sparsurum
662 2517 862 2622 explicatio
883 2533 1140 2621 perageretur,
1167 2543 1260 2620 quae
1283 2523 1482 2598 commode
1510 2544 1613 2603 certo
1634 2556 1724 2631 quo-

169 2663 276 2764 piam
291 2685 337 2734 ac
355 2674 568 2760 opportuno
587 2655 674 2730 loco
689 2657 817 2758 peragi
832 2680 910 2729 non
924 2653 1068 2758 potuit,
1087 2651 1197 2726 idem
1219 2678 1319 2728 nunc
1345 2656 1458 2731 etiam
1475 2661 1516 2732 in
1540 2660 1612 2738 hac
1643 2691 1724 2742 mo·
1825 2695 1827 2702 ’

172 2813 285 2871 uerae
313 2796 523 2888 Romanae,
559 2817 603 2866 ac
631 2790 891 2893 imperatoriae
921 2788 1073 2888 quidem
1106 2789 1339 2890 expositione
1366 2793 1611 2892 constituere,
1646 2827 1725 2876 non

173 2933 267 3008 utile
287 2928 426 3026 modo,
453 2927 520 3002 sed
544 2941 582 3002 et
600 2926 848 3002 necessarium
872 2926 1002 3002 risum.
1054 2899 1147 2999 Sunt
1173 2925 1274 2998 enim
1299 2925 1340 2998 in
1359 2925 1430 3002 hac
1451 2951 1597 3030 quoque
1620 2921 1726 3035 parte

172 3093 253 3144 non
285 3091 406 3167 pauca
434 3063 510 3137 late
534 3089 604 3164 per
624 3063 834 3138 universam
860 3061 958 3136 hanc
978 3061 1268 3162 disputationem
1294 3055 1511 3158 distributa,
1537 3060 1728 3164 quae'nisi

172 3207 216 3278 in
233 3227 353 3278 unum
372 3199 496 3275 locum
516 3195 753 3297 colligantur,
781 3197 971 3272 difficilem
990 3196 1285 3298 impeditumque
1305 3195 1470 3272 reddunt
1497 3199 1544 3274 de
1564 3201 1610 3276 iis
1626 3219 1729 3280 recte

176 3366 221 3414 ac
243 3335 369 3413 sobrie
389 3331 581 3435 judicandi
602 3329 781 3407 laborem.
833 3335 889 3407 Ita
908 3333 1090 3434 congestis
1117 3333 1157 3404 in
1177 3357 1291 3405 unum
1310 3315 1431 3406 numis
1451 3333 1623 3410 omnibus
1639 3366 1673 3415 v.
1696 3366 1728 3416 c.

177 3491 374 3566 votomm,
417 3467 760 3563 consecrationum,
794 3439 1001 3569 legionum,
1040 3483 1077 3540 et
1107 3470 1210 3567 juxta
1242 3465 1283 3540 in
1314 3486 1557 3572 conspectum
1598 3474 1729 3573 positis

177 3609 299 3682 multo
315 3605 463 3708 plenius
483 3603 740 3704 intelligimus,
768 3601 857 3702 qui'd
884 3603 924 3674 in
953 3601 1010 3674 his
1033 3599 1285 3712 similibusque
1313 3604 1431 3677 causis
1451 3604 1560 3680 suerit
1584 3633 1604 3680 a
1629 3609 1731 3710 prin·

180 3741 329 3843 cipibus
349 3741 610 3832 consumtum,
638 3755 676 3813 et
696 3763 863 3812 successu
888 3737 1068 3837 temporis
1092 3738 1336 3811 immutatum.
1390 3739 1731 3842 Copiosam'etiam

181 3877 308 3952 lucem
333 3875 542 3948 adsundunt
563 3871 738 3975 explicati
756 3873 829 3946 hoc
855 3871 972 3958 modo
995 3871 1209 3972 principum
1233 3874 1626 3971 Romanorum'tituli,
1653 3878 1730 3954 sive

178 4011 380 4086 honorifici
406 4005 462 4081 illi
492 4009 616 4104 suere,
642 4009 718 4084 sire
745 4022 970 4108 potestatem
999 4005 1196 4100 addidere,
1229 4034 1350 4108 neque
1372 4034 1502 4108 parum
1529 4027 1655 4085 nostra
1676 4012 1729 4084 in-
1784 4067 1789 4078 .

180 4162 296 4222 terest
326 4144 472 4220 novisse
499 4169 545 4215 ex
565 4123 687 4215 numis
711 4143 823 4243 ipsis,
858 4141 1110 4214 monumentis
1137 4141 1462 4242 quippegcoaevis,
1489 4141 1732 4244 publicisque,

180 4306 256 4380 quo
283 4278 340 4352 illi
362 4293 534 4378 tempore
561 4277 723 4352 conferri
753 4277 964 4378 coeperint,
1000 4302 1074 4376 quo
1107 4292 1168 4350 aut
1189 4276 1342 4376 negligi,
1378 4293 1440 4350 aut
1462 4263 1572 4377 plane
1596 4283 1731 4356 omitti.

182 4419 235 4490 At
256 4415 297 4488 in
314 4412 541 4487 illustrandis
570 4410 751 4486 omnibus·
767 4411 824 4484 his
854 4411 1075 4512 argumentis
1104 4409 1205 4485 nulla
1233 4413 1326 4486 mihi
1349 4411 1551 4512 disputatio
1578 4431 1735 4516 propter

183 4547 414 4623 eruditorum
434 4545 696 4622 incredibilem
716 4547 920 4632 dissensum
945 4548 1060 4645 magis
1082 4547 1160 4620 risa
1189 4544 1395 4621 necessaria
1419 4573 1508 4648 prae
1532 4547 1615 4644 illa,
1642 4577 1736 4651 quae

183 4685 224 4758 in
243 4685 398 4761 iteratae
419 4655 637 4760 tribuniciae
656 4683 852 4784 potestatis
868 4681 1002 4759 modos
1027 4706 1070 4756 ec
1091 4680 1189 4782 leges
1214 4683 1387 4783 inquirit,
1415 4684 1474 4756 cui
1496 4685 1657 4760 examini
1674 4686 1735 4780 ¹in-

867 4821 876 4836 '
1441 4819 1541 4884 Su
