4206 5482
509 395 586 476 ou
624 394 804 472 nvnrs
833 348 1409 482 'consectanctur
1460 473 1462 476 .
1664 417 1735 500 nor

174 585 289 654 marlia
305 583 455 652 divertor
470 583 565 648 etiam
581 595 676 667 typoa
693 577 733 645 aci
749 577 932 665 aignifican·
988 583 1065 648 velo
1084 583 1181 649 ctiam
1206 607 1305 676 caepe
1336 588 1377 654 ab
1407 589 1587 656 artificibua
1604 575 1736 683 propa.

179 691 258 757 riam
274 686 557 754 connectationem
567 684 719 774 advocari
735 685 849 749 aolitoa
856 703 933 770 per·
989 685 1069 749 ritae
1085 687 1230 769 animae,
1253 714 1285 759 r.
1301 714 1328 764 c.
1350 712 1426 758 cum
1444 717 1462 756 a
1478 694 1646 760 Mercurio
1672 711 1737 764 trt-

178 793 371 860 l'uatremut·
431 843 445 864 ,
989 785 1161 853 ducuntur.
1204 795 1364 859 Direrum
1390 795 1607 880 Augustarum
1631 799 1738 884 capita

191 953 200 962 .
246 899 327 960 Para
357 894 495 960 adverae
526 900 624 976 capnt
654 889 726 974 cjua
747 889 933 970 aiatit,.cui
987 891 1097 954 nullna
1118 914 1216 979 caepa
1239 897 1415 980 peculiaria
1439 901 1545 964 cultna
1569 887 1738 980 discernit,

179 995 289 1064 honor
311 995 512 1061 iadeoretua
536 991 616 1070 luit,
644 991 824 1058 actitarint
847 993 933 1078 cepi·
987 1007 1024 1056 ttt
1045 993 1252 1073 Domitillae,
1282 999 1384 1062 iuliae
1408 1002 1476 1063 'siti
1497 1001 1605 1080 liliae,
1635 999 1737 1068 Ploti-
1815 1013 1818 1020 '

177 1101 225 1165 tia
253 1099 370 1166 cultua.
412 1097 513 1162 luliua
537 1097 656 1159 Cacsar
682 1093 855 1160 imminent
878 1095 931 1159 lta·
969 1115 1069 1172 ¹ntae,
1092 1097 1296 1175 Marcianum,
1318 1099 1486 1180 Matidiae,
1513 1103 1661 1169 Sabinae.
1692 1105 1739 1168 At

175 1203 244 1266 irat
263 1201 361 1286 capiti
376 1220 436 1264 auo
453 1211 595 1278 antrum,
618 1217 684 1283 quo
706 1199 813 1263 notari
825 1218 931 1262 come·
990 1197 1126 1274 Sabina,
1157 1211 1189 1262 ct
1217 1213 1354 1286 atraque
1381 1203 1535 1282 Faustina
1564 1225 1631 1268 non
1661 1227 1738 1273 raro

179 1317 247 1368 tarn
268 1305 301 1366 iu
329 1303 400 1387 ejua
421 1302 529 1364 numia
550 1301 627 1366 eatis
646 1299 803 1382 diximua,
833 1323 931 1386 quem
988 1301 1098 1394 velum
1117 1299 1283 1365 ordinario
1304 1325 1364 1369 auo
1381 1307 1493 1391 capitia
1509 1307 1612 1371 cultui
1626 1328 1740 1394 anper·

180 1428 257 1473 eoae
276 1403 420 1470 animam
433 1404 580 1470 Caeanria
604 1404 638 1464 in
656 1404 787 1468 coelum
804 1406 932 1490 recepti
988 1403 1147 1487 injecere.
1189 1405 1277 1474 Velo
1299 1405 1419 1472 deinde
1445 1429 1522 1472 uaaa
1543 1423 1617 1473 aunt
1638 1409 1740 1474 etiam

181 1509 248 1573 cibi
268 1509 429 1594 persuasit
451 1509 577 1592 vulgut.
619 1507 684 1569 Hic
711 1526 793 1590 ergo
824 1522 931 1592 typus,
988 1509 1119 1584 Maesa,
1142 1507 1383 1586 ctAiarinionn.
1426 1511 1472 1578 Ι).
1494 1511 1576 1575 Iulia
1597 1509 1738 1596 Augusti

181 1615 261 1698 quia
282 1612 358 1676 lanio
380 1611 436 1676 uni
458 1609 632 1694 propriata,
661 1605 703 1673 ad
722 1615 932 1674 auoceraor'ea
988 1627 1073 1671 uxor
1093 1609 1158 1674 ritu
1173 1611 1307 1676 Cereris
1330 1627 1428 1697 caput
1446 1613 1547 1680 habet
1565 1613 1664 1700 apicis
1682 1633 1739 1678 co·

178 1737 249 1778 non
281 1713 438 1778 transivit.
482 1713 585 1792 capot
607 1714 772 1776 radiatum
802 1709 837 1772 in
868 1715 932 1776 Au·
971 1723 1149 1800 renatum.
1307 1705 1312 1718 ’
1398 1709 1399 1712 ’
1457 1779 1459 1786 s

181 1830 280 1902 gnato
294 1831 419 1880 certum
438 1827 488 1876 cat
503 1811 759 1877 consecrationis
780 1813 929 1895 rignum,
974 1853 978 1862 ·
1051 1813 1132 1874 Para
1153 1831 1268 1878 eterra
1289 1815 1398 1880 terion
1428 1815 1528 1881 lrabe't
1549 1828 1664 1902 typor,
1696 1833 1740 1882 ex

179 1931 361 1982 armante
390 1917 558 1982 Neronem
596 1913 710 1978 nullus
744 1915 931 2002 principum
989 1912 1107 1998 quibua
1129 1933 1187 1979 eoa
1218 1914 1351 1994 omitto,
1381 1917 1437 2001 qui
1467 1921 1541 1983 cum
1563 1937 1737 1986 consecra·

179 2021 276 2089 viru·
298 2039 421 2085 corona
447 2015 569 2081 radiata
595 2037 673 2080 nana
696 2029 764 2094 eat,
796 2015 838 2080 dc
865 2037 930 2106 quo
987 2015 1077 2079 tione
1098 2036 1164 2080 non
1183 2029 1441 2101 co'nnectuntur3
1464 2043 1538 2086 nam
1563 2021 1738 2086 etaiicnoa
1797 2093 1803 2106 Ι

178 2123 258 2190 virle
284 2121 369 2187 dicu
396 2121 430 2182 in
453 2120 560 2181 numia
583 2117 726 2182 Neronia
747 2119 848 2202 vagia.
892 2123 930 2184 In
987 2117 1069 2181 alioa
1084 2140 1150 2184 non
1163 2139 1239 2186 raro
1252 2119 1329 2185 huic
1342 2121 1443 2188 initae
1456 2123 1618 2205 inacrtoa,
1639 2145 1739 2209 cupra
1856 2122 1860 2131 “

182 2223 292 2288 numia
318 2225 378 2302 iia,
408 2221 444 2284 in
472 2221 588 2307 quibua
618 2221 847 2286 Trebonianua
875 2235 930 2288 aut
969 2221 1110 2306 ¹rnouni.
1156 2231 1162 2240 ·

179 2325 510 2415 proximorum-aliua
527 2323 734 2409 cupariorum
744 2324 928 2410 principum
1050 2327 1175 2414 Aquila
1197 2322 1292 2392 obvia
1314 2325 1349 2388 in
1371 2323 1478 2389 numia
1501 2323 1652 2394 divorum
1674 2329 1740 2394 Au·

180 2429 467 2494 consecrationem
488 2427 649 2504 restituit,
681 2425 860 2513 dequibus
882 2427 930 2489 in·
987 2437 1177 2509 gnatorum,
1199 2431 1473 2511 ctAugustarnm.
1517 2427 1604 2498 Vide
1620 2449 1738 2494 numos

177 2531 252 2611 ira,
270 2531 430 2596 radiatum
456 2541 701 2616 sempercapnt
723 2541 784 2594 eat.
829 2533 932 2612 Caput
987 2527 1157 2606 Plotinae,
1201 2529 1407 2614 Marcianao,
1450 2529 1621 2611 Matidiae,
1672 2531 1740 2597 Ha·

179 2632 495 2699 &vectumhabent
510 2631 930 2716 conaccratchapaaianua,
988 2629 1111 2710 ticiani,
1142 2631 1300 2708 Sabinae,
1331 2633 1379 2698 Μ.
1401 2631 1530 2697 Aurelii
1550 2645 1614 2700 etc.
1657 2633 1739 2699 (iatr-
1856 2684 1859 2694 .

181 2735 298 2814 Titus,
318 2739 445 2820 Nerva,
474 2735 659 2800 Antoninus
680 2733 777 2814 Piua,
812 2733 875 2798 etti
896 2745 931 2797 ct
987 2753 1023 2796 ra
1053 2733 1199 2797 advocati
1227 2733 1324 2818 hujua
1354 2732 1440 2795 alitia
1472 2747 1546 2820 eat,
1584 2734 1673 2820 qnod
1703 2737 1738 2800 in

181 2855 341 2902 eoronam
375 2837 533 2904 radiatam
564 2837 767 2904 admiserint.
831 2837 932 2919 Caput
988 2835 1244 2898 consecrationis
1266 2833 1475 2898 caerimoniis
1503 2843 1664 2904 aucc'enao
1684 2858 1739 2902 ro·

181 2945 305 3005 nudum
337 2963 412 3006 com
441 2943 551 3008 Nerva
583 2937 714 3024 incipit,
748 2951 846 3025 atque
874 2937 949 3002 hle,
988 2954 1089 3020 goex
1111 2956 1236 3000 tumme
1254 2936 1325 3020 ejua
1344 2953 1502 3020 compage
1525 2937 1631 3002 emitti
1649 2939 1738 3026 aquia

181 3043 294 3107 cultor
316 3043 373 3108 tia
398 3043 554 3126 deincep·
578 3039 717 3108 durarit.
772 3041 815 3105 D.
837 3039 930 3105 Salo·
986 3033 1020 3101 la
1043 3039 1234 3116 consuevit,
1261 3037 1354 3124 velut
1383 3039 1523 3102 animam
1550 3039 1582 3101 in
1606 3043 1738 3106 coelunt

178 3148 279 3210 mnne
299 3146 334 3208 in
355 3145 522 3232 plerisque
551 3142 694 3208 radiatur
724 3127 845 3208 iterum
868 3153 928 3210 eat.
985 3129 1091 3203 latura
1108 3141 1149 3224 ¹).
1190 3141 1284 3206 Haec
1304 3141 1410 3227 aquila
1427 3141 1460 3204 in
1478 3140 1638 3205 restitutis
1654 3145 1738 3208 Tro·

177 3247 228 3309 D.
266 3247 422 3313 maurina
461 3246 623 3312 Gothicus
663 3243 729 3328 jam
771 3241 928 3321 lauream,
984 3239 1120 3306 boniani
1138 3261 1220 3310 aero
1238 3243 1539 3308 conaecrationibua
1555 3227 1668 3328 potior
1685 3257 1737 3313 ert

179 3349 247 3432 jam
273 3347 385 3416 radica
401 3349 518 3432 jactat,
549 3367 587 3412 ac
610 3335 783 3431 praeterea
804 3343 929 3429 primna
986 3355 1094 3428 typua.

178 3451 209 3514 ia
220 3465 290 3530 eat,
309 3451 345 3517 in
359 3451 452 3536 cnjur
467 3448 574 3514 numia
588 3454 832 3529 caputoclatrrm
843 3467 931 3510 com·
1040 3447 1174 3532 *Aquilo
1187 3449 1331 3510 animam
1339 3449 1491 3530 Auyuatt,
1508 3452 1737 3534 neIAopnatoe
1762 3475 1764 3482 ’

177 3567 295 3640 paret,
328 3555 417 3639 quod
445 3551 566 3617 deinde
597 3541 823 3624 offert-,ettam
846 3551 931 3614 Con·
986 3567 1114 3610 aureum
1138 3553 1289 3625 cochem,
1319 3548 1353 3610 in
1375 3550 1483 3614 numia
1511 3549 1666 3630 Sabinae,
1688 3553 1734 3616 tt.

179 3659 319 3721 armtiua
343 3655 504 3732 Chlorus,
539 3665 574 3718 et
600 3651 673 3738 Gal.
703 3649 929 3726 Maximianus,
987 3647 1131 3728 Aurelii,
1162 3649 1338 3714 Fruatinae
1372 3652 1564 3736 utriunque,
1592 3655 1737 3736 nnana,

178 3753 722 3848 etaiutarquanequenuditatem,
743 3741 930 3839 ncq'uelau·
986 3749 1146 3816 Salonini.
1189 3753 1327 3838 Cannam
1359 3752 1520 3835 elegantia
1549 3749 1648 3838 liniue
1669 3757 1738 3842 typi

177 3882 274 3928 mom
293 3861 425 3929 abnuat.
452 3861 619 3930 'Velatum
641 3857 738 3922 etiam
763 3862 930 3937 ertcaput
984 3855 1143 3918 'continuo
1175 3851 1338 3921 dedimus.
1403 3855 1441 3917 ln
1470 3854 1640 3942 praeclara
1667 3855 1737 3924 lteri

175 3966 223 4028 D.
242 3963 444 4030 Constantini
458 3965 524 4042 tt,
546 3973 581 4026 et
598 3977 697 4042 caepe
720 3977 785 4021 uua
802 3955 929 4020 laurea·
984 3970 1172 4019 marmorea
1206 3955 1379 4022 colomnae
1409 3957 1565 4027 Antonini
1598 3957 1666 4036 Pii,
1701 3959 1736 4022 in

174 4080 261 4134 tum.
303 4065 425 4138 velum
453 4084 547 4130 sacer
576 4059 705 4126 habitor
734 4057 836 4142 vulgo
857 4077 929 4122 ore·
984 4077 1049 4142 qua
1065 4057 1234 4142 finguntur·
1249 4045 1539 4131 AntoninnaPiui,
1561 4055 1737 4122 etFauati·

173 4169 303 4248 (litum,
323 4169 425 4235 relati
439 4161 623 4252 pontilicea,
645 4181 719 4226 cnm
735 4161 835 4228 oacrio
851 4179 929 4246 ope·
982 4177 1025 4223 nr
1051 4180 1136 4226 uror
1154 4161 1194 4224 ab
1214 4159 1301 4224 alato
1319 4156 1417 4242 genio
1442 4159 1476 4221 in
1497 4157 1597 4222 altum
1616 4160 1736 4238 evecti,

168 4271 346 4351 ntiaunt,
368 4271 641 4352 velatiaugurca,
663 4263 830 4342 Veatalea,
853 4283 928 4328 cum
983 4267 1094 4328 tumen
1126 4261 1234 4349 aquila
1275 4283 1340 4325 una
1370 4259 1589 4342 Antoninum,
1632 4261 1736 4328 altera
1853 4331 1859 4341 ,

170 4444 1739 4486 W

210 4595 246 4668 ι)
264 4587 324 4653 Dio
336 4589 369 4654 1„
383 4587 458 4660 tvt
475 4591 502 4666 l·
518 4592 572 4658 tt,
592 4593 621 4647 at
633 4581 667 4648 ir.
682 4581 815 4655 LXXW.
831 4557 855 4659 ς’.
873 4595 905 4654 a.
925 4577 1088 4641 Herodian.
1102 4551 1206 4640 nstv.
1222 4573 1277 4638 tub
1288 4575 1360 4636 init.

1378 4665 1529 4732 Nona
