4226 5500
537 605 616 678 au
651 571 939 681 veuvuun
974 605 1309 686 sucturum
1657 633 1703 700 25

236 763 241 768 ⁵
324 739 729 859 P.roo.l1n.t7.eol.r.

141 891 144 896 ’
216 894 347 960 Dicitur
358 893 414 959 hie
429 908 463 959 et
478 896 629 976 proxime
642 897 793 982 Iuppiter
805 897 903 961 llice·

138 998 288 1076 phoras,
316 999 372 1084 qui
397 999 597 1080 uetopltorus
611 997 767 1063 dicendus
784 999 901 1066 luerat.

461 1168 494 1226 P.
513 1183 592 1248 rot).v

219 1325 227 1356 ,
259 1295 297 1344 et
327 1283 433 1346 refert
463 1286 662 1372 Procopius,
696 1287 754 1370 (do
781 1288 897 1351 medis.

145 1383 225 1444 lust.
244 1383 285 1448 L.
303 1385 358 1450 Vl.
376 1405 404 1448 e.
417 1387 463 1466 a.)
490 1387 575 1470 apud
604 1389 754 1471 Augilam
776 1389 898 1472 Libyae

145 1483 255 1547 adhue
274 1485 450 1548 iustiniano
468 1487 650 1570 imperante
669 1491 797 1554 stetisse
818 1505 898 1556 tem-

143 1587 202 1666 pla
227 1607 319 1650 sacra
336 1587 508 1667 Ammoni,
538 1603 571 1652 et
587 1589 777 1653 Alexandro
791 1595 836 1658 M.
852 1579 897 1659 vi·

143 1689 255 1752 etimis
296 1689 472 1776 utriquea
506 1691 763 1756 sacrificulorum
792 1715 895 1781 grege

144 1791 276 1858 oblatis.

324 1983 362 2042 P.
381 1999 449 2062 ¹¹9·
466 1979 530 2044 col.
545 2001 574 2054 a.
588 1939 648 2044 tini
669 1977 717 2046 15.

210 2101 397 2164 Certiorem
424 2119 531 2182 nuper
558 2097 653 2180 hujus
683 2119 816 2164 aversae
840 2121 896 2164 ex·

141 2203 358 2287 plicatiouem
387 2201 494 2265 attulit
524 2198 574 2264 vir
603 2199 739 2283 insignia
768 2202 893 2266 Ennius

141 2305 308 2383 visconti,
332 2307 429 2387 (Mus.
447 2301 643 2364 Pio-Clam.
661 2305 700 2367 Τ.
714 2305 810 2387 V1.p.
829 2307 909 2389 th).

139 2407 300 2469 nimirum
315 2405 398 2469 hanc
414 2403 522 2468 navim
539 2424 611 2466 esse
627 2403 775 2482 eandem,
797 2427 894 2491 quam

139 2508 266 2572 indicat
292 2507 480 2569 Athenaeus
508 2507 564 2586 (L.
581 2505 621 2572 V.
637 2527 669 2589 p.
688 2510 777 2590 aeq.)
798 2510 893 2572 nimi-

140 2633 218 2672 rum
239 2631 302 2696 qua
320 2609 503 2692 Antigonus
519 2607 703 2670 Ptolemaei
723 2610 823 2674 duces
842 2633 893 2674 su·

141 2711 283 2796 pererit,
303 2731 464 2795 quumque
486 2709 514 2770 is
533 2708 653 2774 deinde
673 2711 821 2795 Apollini
838 2711 893 2776 de·

144 2815 274 2878 dicarit.

461 3001 496 3062 P.
511 3015 580 3062 rao.

209 3117 346 3195 lloanroo
362 3111 388 3180 δ’
401 3142 432 3194 ην
455 3115 515 3198 ἄρα
532 3112 692 3202 sardiana
710 3109 809 3181 deoru:
825 3141 895 3180 nra·

142 3247 191 3304 pa,
215 3247 265 3283 aue
290 3217 414 3305 πεμψαι
430 3241 541 3294 ταυτην
561 3219 609 3283 ἔπι
627 3241 680 3295 την
697 3217 823 3300 ἕσπερα»
844 3244 897 3303 με·

142 3345 266 3402 'sueonos
286 3317 380 3402 δοξης
398 3326 536 3405 appellor
552 3327 660 3387 uam.
695 3321 747 3383 Ad
763 3337 893 3407 poetam

142 3440 253 3488 autom
274 3423 418 3508 pertinet
438 3423 557 3486 Famae
576 3422 654 3485 dare
670 3423 747 3501 alas,
773 3439 806 3488 et
822 3425 893 3488 mit·

129 3505 217 3591 ⁴tere
241 3548 313 3590 eam
336 3525 386 3624 pia
411 3529 508 3588 eirea
527 3523 567 3586 ad
585 3515 801 3589 Occidentem
822 3529 892 3611 glo·

139 3630 213 3691 riae
232 3627 391 3693 nunciam.
432 3627 617 3709 (Himerius
634 3628 778 3710 sophista
797 3629 889 3696 Orat.

140 3731 231 3796 Xlll.
252 3729 283 3814 ᾗ.
306 3735 372 3811 aa.)

324 3919 358 3980 P.
374 3911 442 3979 133.
459 3867 522 3977 hol.
536 3933 565 3976 a.
585 3917 645 3978 lia.
660 3936 709 4000 ¹9·

206 4038 281 4113 Nop
301 4035 415 4098 adrisit
436 4036 591 4120 judicium
614 4055 723 4098 meum
746 4034 888 4116 Scotino,

142 4135 219 4220 qaia
237 4139 270 4198 in
287 4159 366 4215 suo,
389 4159 487 4222 quem
505 4159 580 4201 meo
598 4138 741 4201 similem
759 4139 892 4223 placuit,

140 4239 267 4322 legitur
285 4233 427 4301 ΦΕΡΑ.
456 4241 499 4302 At
521 4253 647 4304 certum
671 4255 735 4320 est,
762 4243 796 4304 in
816 4265 891 4308 meo

141 4339 213 4426 legi
239 4339 463 4418 manifestum,
487 4355 521 4404 et
546 4343 652 4406 solum
677 4341 767 4422 ΘΕ.,
791 4360 827 4410 ut
847 4361 893 4412 ta·

141 4464 254 4520 ceam,
284 4464 359 4506 eum
384 4443 456 4508 aliia
481 4445 577 4509 etiam
602 4447 706 4511 causis
732 4467 791 4510 suo
817 4468 890 4512 esse

143 4545 346 4609 dissimilem.

304 4683 361 4798 νΡ.
380 4733 448 4810 sto.
469 4735 532 4799 col.
548 4756 574 4800 r.
593 4735 653 4801 lin.
671 4745 719 4810 aa.

208 4853 277 4918 sed
301 4853 520 4918 stomachatur
542 4855 623 4918 haec
650 4855 766 4918 dictata
792 4855 892 4922 Sesti·

959 799 1031 840 nus.
1053 777 1109 840 Ait
1126 777 1232 857 enim,
1254 780 1405 862 (hettere
1426 783 1465 847 T.
1482 781 1520 848 V.
1540 804 1572 865 p.
1584 783 1701 869 LXV.)

958 901 1092 964 numum
1113 900 1223 946 meum
1245 901 1318 944 esse
1337 881 1500 961 vitiatum,
1526 905 1635 970 nequo
1651 907 1703 952 re·

957 982 1041 1045 ferri
1070 1003 1166 1066 posse
1199 983 1239 1046 ad
1269 984 1386 1048 urbem
1417 985 1556 1070 aliquam
1583 986 1703 1072 Othryi

958 1083 1148 1148 Thessaliae
1169 1085 1271 1148 monti
1291 1085 1436 1150 adsitam.
1458 1087 1609 1172 Denique
1628 1108 1702 1156 esse

863 1187 866 1192 '
955 1184 1188 1270 corrigendum
1208 1209 1249 1252 ax
1263 1209 1363 1254 numo
1383 1209 1442 1254 suo
1459 1189 1573 1268 simili,
1595 1190 1629 1254 iu
1650 1211 1703 1272 ett-

954 1287 1005 1370 jus
1027 1307 1140 1354 aversa
1164 1301 1228 1352 est:
1264 1287 1361 1354 ΘΕΒ.
1385 1293 1526 1373 Οζγμειιε
1547 1313 1622 1370 cum
1644 1293 1703 1376 ltu·

954 1402 1019 1452 stu.
1058 1389 1239 1454 Monendus
1271 1389 1392 1468 lector,
1421 1393 1502 1455 haee
1530 1393 1569 1455 ad
1600 1414 1697 1454 unum

956 1489 1063 1552 omnia
1077 1505 1214 1568 temere,
1228 1505 1324 1578 atque
1339 1492 1522 1556 inconsulto
1539 1516 1612 1558 esse
1628 1517 1704 1578 pro-

952 1591 1025 1654 lata.
1052 1593 1125 1670 Ait,
1151 1615 1283 1656 numum
1308 1587 1417 1657 meum
1440 1615 1512 1658 esse
1537 1595 1703 1673 vitiatum,

953 1692 1042 1778 quod
1060 1713 1132 1758 asse
1150 1694 1266 1758 falsum
1282 1695 1352 1778 ipse
1369 1717 1466 1760 nosse
1483 1696 1610 1776 debuitt
1626 1720 1701 1760 uam

953 1816 994 1858 eo
1011 1796 1101 1871 loco,
1124 1818 1189 1881 quo
1205 1818 1338 1864 numum
1356 1797 1460 1876 edidi,
1482 1797 1613 1862 disertis
1629 1807 1702 1866 ven·

951 1899 1002 1959 his
1027 1899 1159 1961 monuit.
1182 1921 1317 1962 numum
1341 1921 1412 1965 esse
1436 1903 1700 1982 integerrimum,

952 2013 986 2061 st
1004 2001 1099 2061 nulla
1119 2004 1174 2063 sui
1190 2014 1288 2084 parte
1308 2003 1475 2064 attritum.
1505 2001 1540 2062 Si
1560 1999 1645 2080 dixi,
1667 2002 1701 2062 iu

952 2087 1066 2166 aversa
1081 2120 1154 2163 esse
1166 2105 1265 2184 sorte
1283 2123 1388 2175 aram,
1410 2099 1497 2164 istud
1515 2102 1628 2168 vitium
1645 2125 1704 2166 nu·

952 2203 997 2264 mi
1013 2223 1079 2266 non
1096 2201 1213 2286 arguit,
1231 2199 1289 2263 sed
1307 2201 1394 2288 quod
1409 2223 1506 2286 saepe
1522 2202 1567 2282 fit,
1583 2218 1696 2288 typum

951 2304 1057 2387 ipsum
1073 2304 1153 2366 mihi
1171 2322 1243 2364 esse
1261 2301 1513 2387 incompertum.
1542 2306 1596 2367 Ad
1617 2305 1700 2370 haec

951 2402 1179 2469 litterae'OO.
1201 2417 1265 2466 tam
1288 2419 1362 2468 sunt
1384 2404 1572 2482 evidentes,
1604 2428 1700 2490 quam

952 2528 1025 2571 csse
1049 2509 1084 2569 iu
1110 2521 1226 2574 vetere
1253 2507 1405 2590 quopiam
1429 2527 1527 2569 numo
1551 2505 1697 2589 possunt.

951 2609 1070 2672 Cetera
1088 2609 1249 2672 lectorem
1267 2629 1333 2670 uon
1350 2609 1509 2686 monebo,
1526 2608 1696 2692 quinovit,

949 2731 1016 2772 nou
1037 2709 1168 2772 unicum
1190 2708 1253 2772 hoo
1276 2730 1349 2774 esse
1372 2709 1561 2793 exemplum
1581 2713 1697 2774 monti·

950 2813 1096 2872 celarum
1115 2809 1148 2870 in
1165 2810 1271 2874 numia
1285 2808 1507 2892 proditorum,
1525 2831 1606 2893 quos
1621 2799 1718 2894 geos

950 2911 1068 2994 graphi
1091 2911 1268 2976 reticuere.
1299 2914 1423 2973 'I'amen
1447 2915 1543 2975 Mart.
1563 2913 1697 2995 Capella

936 3007 1091 3073 'Pindum
1121 3025 1154 3074 et
1182 3011 1311 3096 Othryn
1341 3013 1553 3096 Lapitharum
1584 3015 1698 3078 sedem

951 3113 1042 3178 dixit.
1074 3114 1129 3192 (L.
1145 3115 1201 3192 VI.
1226 3113 1268 3177 de
1291 3115 1460 3178 Geometr.
1480 3115 1540 3178 sub
1556 3117 1694 3180 Thessa·

950 3216 1022 3299 lia.)
1051 3217 1142 3298 Ergo
1163 3216 1221 3279 ille
1243 3231 1297 3280 aut
1317 3237 1390 3278 eum
1409 3215 1557 3300 Othrytis
1576 3221 1696 3282 nestris

950 3317 984 3379 in
1000 3316 1135 3402 gratiam
1148 3317 1278 3395 redeat,
1296 3332 1351 3380 aut
1363 3317 1457 3380 nohis
1471 3317 1587 3381 urbem
1601 3319 1698 3382 aliam

949 3419 1048 3502 palati
1078 3417 1130 3480 sui
1157 3419 1197 3482 ab
1229 3417 1291 3482 ΟΘ
1322 3419 1532 3503 incipientem
1564 3422 1696 3504 prodat,

950 3521 1120 3604 valeatque
1152 3540 1226 3584 cum
1257 3541 1314 3584 sua
1337 3517 1452 3600 CER„
1484 3521 1639 3605 hastaque
1663 3539 1696 3584 et

951 3623 1080 3706 clypeo.

1125 3810 1172 3872 .P.
1188 3811 1255 3887 150.
1276 3812 1338 3872 col.
1356 3833 1383 3876 1.
1399 3813 1460 3878 lin.
1475 3833 1503 3876 ι.

1013 3930 1154 3994 Numam
1171 3930 1257 3994 huuc
1274 3929 1431 3994 Asculum
1446 3931 1583 4014 Apuliae
1601 3951 1697 3995 revo-

948 4045 1000 4097 cat
1014 4033 1176 4107 Sestiana,
1193 4044 1229 4094 ut
1243 4030 1381 4096 diximus
1396 4032 1502 4098 altius.
1525 4038 1562 4096 lu
1576 4031 1698 4097 adden·

951 4133 1000 4198 dis
1017 4135 1058 4200 ad
1074 4135 1239 4203 Volnmeu
1253 4135 1278 4200 1.
1296 4131 1337 4198 ud
1353 4153 1427 4218 pag.
1445 4144 1513 4208 aar.

1084 4377 1122 4440 P.
1137 4373 1204 4438 108.
1225 4371 1287 4435 ool.
1302 4395 1329 4437 t.
1343 4355 1419 4456 post
1436 4352 1498 4439 lin.
1510 4376 1560 4437 30.

1059 4652 1064 4662 ,
1101 4574 1540 4644 raorrotamrs.
1665 4609 1668 4617 -

1015 4753 1121 4816 Scuta
1145 4752 1212 4813 triu
1238 4753 1276 4814 in
1303 4752 1413 4814 orbem
1438 4757 1639 4836 compositu,
1672 4749 1695 4812 3

949 4847 1329 4918 ΝΕΟΠΤΟΛΕΜΟΤ.
1352 4853 1456 4918 Buris
1479 4875 1552 4920 cunt
1573 4859 1696 4936 colum·

1416 4957 1447 5016 1)
1491 4997 1492 5000 ,
