<?xml version="1.0" encoding="UTF-8"?>
<!DOCTYPE html PUBLIC "-//W3C//DTD XHTML 1.0 Transitional//EN"
    "http://www.w3.org/TR/xhtml1/DTD/xhtml1-transitional.dtd">
<html xmlns="http://www.w3.org/1999/xhtml" xml:lang="en" lang="en">
 <head>
  <title>
</title>
<meta http-equiv="Content-Type" content="text/html;charset=utf-8" />
  <meta name='ocr-system' content='tesseract 3.04.00' />
  <meta name='ocr-capabilities' content='ocr_page ocr_carea ocr_par ocr_line ocrx_word'/>
</head>
<body>
  <div class='ocr_page' id='page_1' title='image "./doctrinanumorum01hohlgoog_0355.png"; bbox 0 0 4236 5480; ppageno 0'>
   <div class='ocr_carea' id='block_1_1' title="bbox 403 461 478 536">
    <p class='ocr_par' dir='ltr' id='par_1_1' title="bbox 403 461 478 536">
     <span class='ocr_line' id='line_1_1' title="bbox 403 461 478 536; baseline 0.08 -8"><span class='ocrx_word' id='word_1_1' title='bbox 403 461 478 536; x_wconf 68' lang='lat'>3310</span> 
     </span>
    </p>
   </div>
   <div class='ocr_carea' id='block_1_2' title="bbox 315 617 1979 3136">
    <p class='ocr_par' dir='ltr' id='par_1_2' title="bbox 315 617 1979 3136">
     <span class='ocr_line' id='line_1_2' title="bbox 408 617 1952 709; baseline -0.01 -14"><span class='ocrx_word' id='word_1_2' title='bbox 408 631 486 696; x_wconf 87' lang='grc' dir='ltr'><strong><em>ΧΙΙ.</em></strong></span> <span class='ocrx_word' id='word_1_3' title='bbox 497 646 633 709; x_wconf 78' lang='lat' dir='ltr'>nonaque</span> <span class='ocrx_word' id='word_1_4' title='bbox 646 627 781 687; x_wconf 65' lang='lat' dir='ltr'>lorcin</span> <span class='ocrx_word' id='word_1_5' title='bbox 788 627 925 706; x_wconf 79' lang='lat' dir='ltr'>populor</span> <span class='ocrx_word' id='word_1_6' title='bbox 931 624 1152 706; x_wconf 78' lang='lat' dir='ltr'>frequentibus</span> <span class='ocrx_word' id='word_1_7' title='bbox 1189 618 1299 706; x_wconf 68' lang='lat' dir='ltr'>¹quod</span> <span class='ocrx_word' id='word_1_8' title='bbox 1326 617 1456 696; x_wconf 77' lang='lat' dir='ltr'>attinet,</span> <span class='ocrx_word' id='word_1_9' title='bbox 1486 635 1627 702; x_wconf 84' lang='lat' dir='ltr'>sequens</span> <span class='ocrx_word' id='word_1_10' title='bbox 1658 629 1746 680; x_wconf 86' lang='lat' dir='ltr'>setas</span> <span class='ocrx_word' id='word_1_11' title='bbox 1772 617 1888 704; x_wconf 81' lang='lat' dir='ltr'>-plurs,</span> <span class='ocrx_word' id='word_1_12' title='bbox 1918 629 1952 680; x_wconf 83' lang='lat' dir='ltr'>st</span> 
     </span>
     <span class='ocr_line' id='line_1_3' title="bbox 409 719 1954 808; baseline -0.005 -14"><span class='ocrx_word' id='word_1_13' title='bbox 409 734 510 795; x_wconf 85' lang='lat' dir='ltr'>armis</span> <span class='ocrx_word' id='word_1_14' title='bbox 537 729 679 806; x_wconf 59' lang='lat' dir='ltr'>moesta,</span> <span class='ocrx_word' id='word_1_15' title='bbox 706 735 738 788; x_wconf 81' lang='lat' dir='ltr'>et</span> <span class='ocrx_word' id='word_1_16' title='bbox 761 729 836 788; x_wconf 84' lang='lat' dir='ltr'>inde</span> <span class='ocrx_word' id='word_1_17' title='bbox 856 729 979 808; x_wconf 82' lang='lat' dir='ltr'>serres,</span> <span class='ocrx_word' id='word_1_18' title='bbox 1013 727 1151 800; x_wconf 79' lang='lat' dir='ltr'>trabeae,</span> <span class='ocrx_word' id='word_1_19' title='bbox 1209 725 1353 786; x_wconf 76' lang='lat' dir='ltr'>certiora</span> <span class='ocrx_word' id='word_1_20' title='bbox 1374 723 1481 785; x_wconf 85' lang='lat' dir='ltr'>ducet.</span> <span class='ocrx_word' id='word_1_21' title='bbox 1521 719 1619 802; x_wconf 79' lang='lat' dir='ltr'>Apud</span> <span class='ocrx_word' id='word_1_22' title='bbox 1650 720 1828 804; x_wconf 85' lang='lat' dir='ltr'>Vopiscum</span> <span class='ocrx_word' id='word_1_23' title='bbox 1858 721 1954 790; x_wconf 80' lang='lat' dir='ltr'>Vale·</span> 
     </span>
     <span class='ocr_line' id='line_1_4' title="bbox 407 821 1953 908; baseline -0.003 -14"><span class='ocrx_word' id='word_1_24' title='bbox 407 835 548 902; x_wconf 81' lang='lat' dir='ltr'>curules,</span> <span class='ocrx_word' id='word_1_25' title='bbox 571 830 703 904; x_wconf 77' lang='lat' dir='ltr'>annuli,</span> <span class='ocrx_word' id='word_1_26' title='bbox 722 829 891 908; x_wconf 77' lang='lat' dir='ltr'>phalerae,</span> <span class='ocrx_word' id='word_1_27' title='bbox 909 828 1151 905; x_wconf 79' lang='lat' dir='ltr'>paludamenta,</span> <span class='ocrx_word' id='word_1_28' title='bbox 1210 825 1320 888; x_wconf 86' lang='lat' dir='ltr'>rianus</span> <span class='ocrx_word' id='word_1_29' title='bbox 1345 824 1429 906; x_wconf 79' lang='lat' dir='ltr'>Aug.</span> <span class='ocrx_word' id='word_1_30' title='bbox 1458 821 1668 885; x_wconf 80' lang='lat' dir='ltr'>Aurelianum</span> <span class='ocrx_word' id='word_1_31' title='bbox 1695 823 1784 886; x_wconf 89' lang='lat' dir='ltr'>inter</span> <span class='ocrx_word' id='word_1_32' title='bbox 1811 821 1875 888; x_wconf 79' lang='lat' dir='ltr'>slis</span> <span class='ocrx_word' id='word_1_33' title='bbox 1903 821 1953 890; x_wconf 84' lang='lat' dir='ltr'>bis</span> 
     </span>
     <span class='ocr_line' id='line_1_5' title="bbox 402 917 1979 1018; baseline -0.001 -24"><span class='ocrx_word' id='word_1_34' title='bbox 402 939 593 1012; x_wconf 68' lang='lat' dir='ltr'>praeterreri,</span> <span class='ocrx_word' id='word_1_35' title='bbox 609 933 683 992; x_wconf 82' lang='lat' dir='ltr'>inde</span> <span class='ocrx_word' id='word_1_36' title='bbox 698 931 786 1012; x_wconf 78' lang='lat' dir='ltr'>quod</span> <span class='ocrx_word' id='word_1_37' title='bbox 797 948 895 989; x_wconf 84' lang='lat' dir='ltr'>aureo</span> <span class='ocrx_word' id='word_1_38' title='bbox 910 917 1005 988; x_wconf 78' lang='lat' dir='ltr'>curru</span> <span class='ocrx_word' id='word_1_39' title='bbox 1016 935 1155 1011; x_wconf 80' lang='lat' dir='ltr'>quotoor</span> <span class='ocrx_word' id='word_1_40' title='bbox 1210 927 1320 996; x_wconf 73' lang='lat' dir='ltr'>verbis</span> <span class='ocrx_word' id='word_1_41' title='bbox 1336 922 1522 1008; x_wconf 83' lang='lat' dir='ltr'>adloquitur</span> <span class='ocrx_word' id='word_1_42' title='bbox 1537 920 1587 1006; x_wconf 69' lang='lat' dir='ltr'>b),</span> <span class='ocrx_word' id='word_1_43' title='bbox 1611 929 1693 1018; x_wconf 71' lang='lat' dir='ltr'>Cape</span> <span class='ocrx_word' id='word_1_44' title='bbox 1707 929 1809 1006; x_wconf 73' lang='lat' dir='ltr'>iyilor</span> <span class='ocrx_word' id='word_1_45' title='bbox 1820 929 1884 989; x_wconf 79' lang='lat' dir='ltr'>tibi</span> <span class='ocrx_word' id='word_1_46' title='bbox 1893 949 1954 1008; x_wconf 80' lang='lat' dir='ltr'>pro</span> <span class='ocrx_word' id='word_1_47' title='bbox 1972 981 1979 992; x_wconf 91' lang='lat'><strong>.</strong></span> 
     </span>
     <span class='ocr_line' id='line_1_6' title="bbox 407 1030 1954 1116; baseline -0.004 -20"><span class='ocrx_word' id='word_1_48' title='bbox 407 1035 499 1116; x_wconf 64' lang='lat' dir='ltr'>«quir</span> <span class='ocrx_word' id='word_1_49' title='bbox 512 1033 737 1108; x_wconf 73' lang='lat' dir='ltr'>triumphator,</span> <span class='ocrx_word' id='word_1_50' title='bbox 760 1031 989 1110; x_wconf 71' lang='lat' dir='ltr'>loqoeps&#39;ctas,</span> <span class='ocrx_word' id='word_1_51' title='bbox 1012 1030 1154 1088; x_wconf 79' lang='lat' dir='ltr'>tunicae·</span> <span class='ocrx_word' id='word_1_52' title='bbox 1209 1033 1303 1092; x_wconf 83' lang='lat' dir='ltr'>rebus</span> <span class='ocrx_word' id='word_1_53' title='bbox 1322 1033 1423 1109; x_wconf 66' lang='lat' dir='ltr'>perlis</span> <span class='ocrx_word' id='word_1_54' title='bbox 1445 1031 1511 1090; x_wconf 81' lang='lat' dir='ltr'>tuis</span> <span class='ocrx_word' id='word_1_55' title='bbox 1534 1059 1578 1074; x_wconf 90' lang='lat'><em>-</em></span> <span class='ocrx_word' id='word_1_56' title='bbox 1600 1059 1646 1076; x_wconf 83' lang='lat'>-·-</span> <span class='ocrx_word' id='word_1_57' title='bbox 1665 1061 1707 1074; x_wconf 90' lang='lat'>—</span> <span class='ocrx_word' id='word_1_58' title='bbox 1733 1039 1954 1110; x_wconf 72' lang='lat' dir='ltr'>tcynm&#39;prae·</span> 
     </span>
     <span class='ocr_line' id='line_1_7' title="bbox 370 1131 1956 1232; baseline 0.001 -50"><span class='ocrx_word' id='word_1_59' title='bbox 370 1175 372 1182; x_wconf 81' lang='grc'>,</span> <span class='ocrx_word' id='word_1_60' title='bbox 407 1153 470 1216; x_wconf 81' lang='lat' dir='ltr'>qne</span> <span class='ocrx_word' id='word_1_61' title='bbox 485 1135 668 1212; x_wconf 83' lang='lat' dir='ltr'>palmulae,</span> <span class='ocrx_word' id='word_1_62' title='bbox 691 1135 799 1192; x_wconf 80' lang='lat' dir='ltr'>cmm‘a</span> <span class='ocrx_word' id='word_1_63' title='bbox 818 1133 953 1210; x_wconf 64' lang='lat' dir='ltr'>deniqw</span> <span class='ocrx_word' id='word_1_64' title='bbox 970 1133 1100 1202; x_wconf 84' lang='lat' dir='ltr'>decora,</span> <span class='ocrx_word' id='word_1_65' title='bbox 1123 1137 1155 1190; x_wconf 82' lang='lat' dir='ltr'>el</span> <span class='ocrx_word' id='word_1_66' title='bbox 1209 1142 1346 1222; x_wconf 75' lang='lat' dir='ltr'>tratum,</span> <span class='ocrx_word' id='word_1_67' title='bbox 1369 1131 1519 1190; x_wconf 77' lang='lat' dir='ltr'>tunicam</span> <span class='ocrx_word' id='word_1_68' title='bbox 1538 1132 1740 1232; x_wconf 73' lang='lat' dir='ltr'><em>palmatam,</em></span> <span class='ocrx_word' id='word_1_69' title='bbox 1771 1139 1881 1210; x_wconf 70' lang='lat' dir='ltr'>loyonr</span> <span class='ocrx_word' id='word_1_70' title='bbox 1906 1139 1956 1212; x_wconf 65' lang='lat' dir='ltr'>pt.</span> 
     </span>
     <span class='ocr_line' id='line_1_8' title="bbox 407 1231 1957 1318; baseline -0.002 -23"><span class='ocrx_word' id='word_1_71' title='bbox 407 1237 569 1314; x_wconf 74' lang='lat' dir='ltr'>s‘rrsr&#39;qm&#39;a,</span> <span class='ocrx_word' id='word_1_72' title='bbox 592 1234 708 1316; x_wconf 80' lang='lat' dir='ltr'>quibua</span> <span class='ocrx_word' id='word_1_73' title='bbox 723 1233 851 1308; x_wconf 81' lang='lat' dir='ltr'>imperii</span> <span class='ocrx_word' id='word_1_74' title='bbox 867 1233 1011 1308; x_wconf 54' lang='lat' dir='ltr'>debuitne</span> <span class='ocrx_word' id='word_1_75' title='bbox 1025 1231 1152 1301; x_wconf 78' lang='lat' dir='ltr'>eminet,</span> <span class='ocrx_word' id='word_1_76' title='bbox 1209 1243 1304 1306; x_wconf 83' lang='lat' dir='ltr'>ctam,</span> <span class='ocrx_word' id='word_1_77' title='bbox 1321 1234 1533 1318; x_wconf 77' lang='lat' dir='ltr'>subarmalem</span> <span class='ocrx_word' id='word_1_78' title='bbox 1539 1234 1744 1311; x_wconf 72' lang='lat' dir='ltr'>profundente,</span> <span class='ocrx_word' id='word_1_79' title='bbox 1762 1237 1876 1295; x_wconf 81' lang='lat' dir='ltr'>sellam</span> <span class='ocrx_word' id='word_1_80' title='bbox 1884 1237 1957 1298; x_wconf 67' lang='lat' dir='ltr'>edos</span> 
     </span>
     <span class='ocr_line' id='line_1_9' title="bbox 407 1315 1956 1424; baseline 0.004 -34"><span class='ocrx_word' id='word_1_81' title='bbox 407 1345 532 1408; x_wconf 73' lang='lat' dir='ltr'>sumpla</span> <span class='ocrx_word' id='word_1_82' title='bbox 554 1343 638 1424; x_wconf 65' lang='lat' dir='ltr'>aurat.</span> <span class='ocrx_word' id='word_1_83' title='bbox 681 1329 855 1412; x_wconf 82' lang='lat' dir='ltr'>Dionysius</span> <span class='ocrx_word' id='word_1_84' title='bbox 877 1315 984 1392; x_wconf 75' lang='lat' dir='ltr'>idalio.</span> <span class='ocrx_word' id='word_1_85' title='bbox 1015 1327 1048 1387; x_wconf 90' lang='lat' dir='ltr'>in</span> <span class='ocrx_word' id='word_1_86' title='bbox 1077 1325 1153 1390; x_wconf 90' lang='lat' dir='ltr'>insi·</span> <span class='ocrx_word' id='word_1_87' title='bbox 1211 1343 1326 1393; x_wconf 78' lang='lat' dir='ltr'>ratam·</span> <span class='ocrx_word' id='word_1_88' title='bbox 1356 1335 1442 1394; x_wconf 86' lang='lat' dir='ltr'>Nom</span> <span class='ocrx_word' id='word_1_89' title='bbox 1467 1343 1498 1392; x_wconf 83' lang='lat' dir='ltr'>te</span> <span class='ocrx_word' id='word_1_90' title='bbox 1523 1335 1683 1394; x_wconf 77' lang='lat' dir='ltr'>consulem</span> <span class='ocrx_word' id='word_1_91' title='bbox 1706 1336 1799 1394; x_wconf 79' lang='lat' dir='ltr'>lodie</span> <span class='ocrx_word' id='word_1_92' title='bbox 1822 1338 1956 1415; x_wconf 55' lang='lat' dir='ltr'>&amp;siquo</span> 
     </span>
     <span class='ocr_line' id='line_1_10' title="bbox 406 1429 1957 1516; baseline 0.004 -24"><span class='ocrx_word' id='word_1_93' title='bbox 406 1433 525 1516; x_wconf 79' lang='lat' dir='ltr'>gnibus</span> <span class='ocrx_word' id='word_1_94' title='bbox 556 1431 773 1514; x_wconf 83' lang='lat' dir='ltr'>principatus,</span> <span class='ocrx_word' id='word_1_95' title='bbox 808 1449 890 1514; x_wconf 85' lang='lat' dir='ltr'>quae</span> <span class='ocrx_word' id='word_1_96' title='bbox 923 1442 988 1492; x_wconf 90' lang='lat' dir='ltr'>tum</span> <span class='ocrx_word' id='word_1_97' title='bbox 1020 1429 1152 1491; x_wconf 88' lang='lat' dir='ltr'>Priscus</span> <span class='ocrx_word' id='word_1_98' title='bbox 1211 1437 1385 1513; x_wconf 81' lang='lat' dir='ltr'>scripturos</span> <span class='ocrx_word' id='word_1_99' title='bbox 1398 1435 1615 1508; x_wconf 73' lang='lat' dir='ltr'>adsecutum,</span> <span class='ocrx_word' id='word_1_100' title='bbox 1632 1437 1742 1495; x_wconf 74' lang='lat' dir='ltr'>aerios·</span> <span class='ocrx_word' id='word_1_101' title='bbox 1754 1437 1884 1512; x_wconf 77' lang='lat' dir='ltr'>deputer</span> <span class='ocrx_word' id='word_1_102' title='bbox 1895 1440 1957 1498; x_wconf 80' lang='lat' dir='ltr'>scs·-</span> 
     </span>
     <span class='ocr_line' id='line_1_11' title="bbox 406 1533 1955 1626; baseline 0.001 -29"><span class='ocrx_word' id='word_1_103' title='bbox 406 1537 545 1598; x_wconf 70' lang='lat' dir='ltr'>nonan</span> <span class='ocrx_word' id='word_1_104' title='bbox 565 1534 752 1608; x_wconf 81' lang='lat' dir='ltr'>transtulit,</span> <span class='ocrx_word' id='word_1_105' title='bbox 768 1533 913 1594; x_wconf 85' lang='lat' dir='ltr'>nominat</span> <span class='ocrx_word' id='word_1_106' title='bbox 931 1549 1082 1596; x_wconf 84' lang='lat' dir='ltr'>eoronam</span> <span class='ocrx_word' id='word_1_107' title='bbox 1096 1551 1158 1626; x_wconf 74' lang='lat' dir='ltr'>ets·⁸</span> <span class='ocrx_word' id='word_1_108' title='bbox 1208 1539 1352 1610; x_wconf 68' lang='lat' dir='ltr'>riunena,</span> <span class='ocrx_word' id='word_1_109' title='bbox 1369 1539 1498 1613; x_wconf 78' lang='lat' dir='ltr'>deputet</span> <span class='ocrx_word' id='word_1_110' title='bbox 1511 1541 1608 1598; x_wconf 83' lang='lat' dir='ltr'>etiam</span> <span class='ocrx_word' id='word_1_111' title='bbox 1618 1537 1739 1615; x_wconf 79' lang='lat' dir='ltr'>sacres.</span> <span class='ocrx_word' id='word_1_112' title='bbox 1762 1533 1889 1598; x_wconf 77' lang='lat' dir='ltr'>Similia</span> <span class='ocrx_word' id='word_1_113' title='bbox 1904 1557 1955 1599; x_wconf 86' lang='lat' dir='ltr'>re·</span> 
     </span>
     <span class='ocr_line' id='line_1_12' title="bbox 406 1619 1955 1717; baseline 0.001 -18"><span class='ocrx_word' id='word_1_114' title='bbox 406 1658 505 1710; x_wconf 83' lang='lat' dir='ltr'>ream,</span> <span class='ocrx_word' id='word_1_115' title='bbox 521 1647 554 1700; x_wconf 79' lang='lat' dir='ltr'>e!</span> <span class='ocrx_word' id='word_1_116' title='bbox 567 1637 740 1714; x_wconf 81' lang='lat' dir='ltr'>scipionem</span> <span class='ocrx_word' id='word_1_117' title='bbox 752 1635 960 1696; x_wconf 76' lang='lat' dir='ltr'>tabentemtn</span> <span class='ocrx_word' id='word_1_118' title='bbox 973 1619 1155 1694; x_wconf 69' lang='lat' dir='ltr'>summitate</span> <span class='ocrx_word' id='word_1_119' title='bbox 1211 1634 1276 1696; x_wconf 79' lang='lat' dir='ltr'>fert</span> <span class='ocrx_word' id='word_1_120' title='bbox 1302 1621 1527 1698; x_wconf 73' lang='lat' dir='ltr'>Cassiodorius</span> <span class='ocrx_word' id='word_1_121' title='bbox 1554 1636 1708 1717; x_wconf 74' lang='lat' dir='ltr'>graviter.</span> <span class='ocrx_word' id='word_1_122' title='bbox 1723 1637 1755 1694; x_wconf 89' lang='lat' dir='ltr'>in</span> <span class='ocrx_word' id='word_1_123' title='bbox 1782 1655 1841 1698; x_wconf 85' lang='lat' dir='ltr'>eos</span> <span class='ocrx_word' id='word_1_124' title='bbox 1866 1639 1955 1702; x_wconf 84' lang='lat' dir='ltr'>inre·</span> 
     </span>
     <span class='ocr_line' id='line_1_13' title="bbox 407 1736 1956 1820; baseline -0.002 -21"><span class='ocrx_word' id='word_1_125' title='bbox 407 1739 568 1820; x_wconf 78' lang='lat' dir='ltr'>aquilam,</span> <span class='ocrx_word' id='word_1_126' title='bbox 585 1739 725 1798; x_wconf 82' lang='lat' dir='ltr'>tunicam</span> <span class='ocrx_word' id='word_1_127' title='bbox 737 1755 931 1814; x_wconf 77' lang='lat' dir='ltr'>pnrpuream</span> <span class='ocrx_word' id='word_1_128' title='bbox 945 1755 1025 1796; x_wconf 80' lang='lat' dir='ltr'>auro</span> <span class='ocrx_word' id='word_1_129' title='bbox 1042 1736 1154 1794; x_wconf 80' lang='lat' dir='ltr'>distin·</span> <span class='ocrx_word' id='word_1_130' title='bbox 1211 1751 1298 1810; x_wconf 83' lang='lat' dir='ltr'>etus,</span> <span class='ocrx_word' id='word_1_131' title='bbox 1321 1757 1402 1819; x_wconf 88' lang='lat' dir='ltr'>quos</span> <span class='ocrx_word' id='word_1_132' title='bbox 1420 1737 1557 1818; x_wconf 75' lang='lat' dir='ltr'>Augusti</span> <span class='ocrx_word' id='word_1_133' title='bbox 1579 1737 1670 1800; x_wconf 88' lang='lat' dir='ltr'>nullo</span> <span class='ocrx_word' id='word_1_134' title='bbox 1692 1736 1813 1800; x_wconf 82' lang='lat' dir='ltr'>idoneo</span> <span class='ocrx_word' id='word_1_135' title='bbox 1835 1741 1956 1802; x_wconf 70' lang='lat' dir='ltr'>merim</span> 
     </span>
     <span class='ocr_line' id='line_1_14' title="bbox 358 1833 1955 1926; baseline 0.001 -26"><span class='ocrx_word' id='word_1_136' title='bbox 358 1857 363 1867; x_wconf 84' lang='lat'><strong>·</strong></span> <span class='ocrx_word' id='word_1_137' title='bbox 407 1848 510 1914; x_wconf 81' lang='lat' dir='ltr'>clam,</span> <span class='ocrx_word' id='word_1_138' title='bbox 545 1848 578 1900; x_wconf 80' lang='lat' dir='ltr'>et</span> <span class='ocrx_word' id='word_1_139' title='bbox 606 1847 714 1918; x_wconf 73' lang='lat' dir='ltr'>toqam</span> <span class='ocrx_word' id='word_1_140' title='bbox 743 1855 938 1914; x_wconf 80' lang='lat' dir='ltr'>purpuream</span> <span class='ocrx_word' id='word_1_141' title='bbox 966 1840 1090 1914; x_wconf 79' lang='lat' dir='ltr'>pictam</span> <span class='ocrx_word' id='word_1_142' title='bbox 1112 1833 1152 1912; x_wconf 80' lang='lat'>¹).</span> <span class='ocrx_word' id='word_1_143' title='bbox 1210 1839 1406 1922; x_wconf 32' lang='lat' dir='ltr'>insignibus,</span> <span class='ocrx_word' id='word_1_144' title='bbox 1430 1840 1592 1906; x_wconf 81' lang='lat' dir='ltr'>consulam</span> <span class='ocrx_word' id='word_1_145' title='bbox 1639 1861 1653 1900; x_wconf 89' lang='lat' dir='ltr'>s</span> <span class='ocrx_word' id='word_1_146' title='bbox 1691 1845 1955 1926; x_wconf 71' lang='lat' dir='ltr'>ornsrernntt)s</span> 
     </span>
     <span class='ocr_line' id='line_1_15' title="bbox 406 1935 1956 2025; baseline 0.004 -25"><span class='ocrx_word' id='word_1_147' title='bbox 406 1935 525 2012; x_wconf 80' lang='lat' dir='ltr'>Addit,</span> <span class='ocrx_word' id='word_1_148' title='bbox 546 1937 649 2020; x_wconf 85' lang='lat' dir='ltr'>pulsis</span> <span class='ocrx_word' id='word_1_149' title='bbox 665 1935 800 2016; x_wconf 80' lang='lat' dir='ltr'>regibus</span> <span class='ocrx_word' id='word_1_150' title='bbox 817 1937 899 2000; x_wconf 86' lang='lat' dir='ltr'>haec</span> <span class='ocrx_word' id='word_1_151' title='bbox 916 1935 1054 2018; x_wconf 85' lang='lat' dir='ltr'>insignia</span> <span class='ocrx_word' id='word_1_152' title='bbox 1076 1953 1155 1998; x_wconf 89' lang='lat' dir='ltr'>con·</span> <span class='ocrx_word' id='word_1_153' title='bbox 1211 1944 1371 2004; x_wconf 69' lang='lat' dir='ltr'>Sedamn-</span> <span class='ocrx_word' id='word_1_154' title='bbox 1382 1944 1735 2020; x_wconf 77' lang='lat' dir='ltr'>sumitisistuselt‘cirss,</span> <span class='ocrx_word' id='word_1_155' title='bbox 1755 1947 1956 2025; x_wconf 64' lang='lat' dir='ltr'>anamotus</span> 
     </span>
     <span class='ocr_line' id='line_1_16' title="bbox 318 2036 1956 2126; baseline 0.003 -25"><span class='ocrx_word' id='word_1_156' title='bbox 318 2077 322 2086; x_wconf 46' lang='grc' dir='ltr'><em>ι</em></span> <span class='ocrx_word' id='word_1_157' title='bbox 408 2039 533 2102; x_wconf 89' lang='lat' dir='ltr'>solibus</span> <span class='ocrx_word' id='word_1_158' title='bbox 553 2038 653 2101; x_wconf 82' lang='lat' dir='ltr'>luisse</span> <span class='ocrx_word' id='word_1_159' title='bbox 671 2038 846 2122; x_wconf 82' lang='lat' dir='ltr'>permissa,</span> <span class='ocrx_word' id='word_1_160' title='bbox 874 2036 1004 2120; x_wconf 85' lang='lat' dir='ltr'>dempta</span> <span class='ocrx_word' id='word_1_161' title='bbox 1021 2057 1153 2112; x_wconf 80' lang='lat' dir='ltr'>corona,</span> <span class='ocrx_word' id='word_1_162' title='bbox 1210 2045 1360 2104; x_wconf 73' lang='lat' dir='ltr'>inherens</span> <span class='ocrx_word' id='word_1_163' title='bbox 1376 2045 1502 2105; x_wconf 82' lang='lat' dir='ltr'>labores</span> <span class='ocrx_word' id='word_1_164' title='bbox 1515 2047 1696 2119; x_wconf 79' lang='lat' dir='ltr'>consulam,</span> <span class='ocrx_word' id='word_1_165' title='bbox 1712 2054 1744 2106; x_wconf 82' lang='lat' dir='ltr'>et</span> <span class='ocrx_word' id='word_1_166' title='bbox 1760 2065 1816 2105; x_wconf 86' lang='lat' dir='ltr'>cos</span> <span class='ocrx_word' id='word_1_167' title='bbox 1827 2049 1956 2126; x_wconf 56' lang='lat' dir='ltr'>sanson</span> 
     </span>
     <span class='ocr_line' id='line_1_17' title="bbox 407 2138 1955 2225; baseline 0.005 -22"><span class='ocrx_word' id='word_1_168' title='bbox 407 2155 443 2203; x_wconf 87' lang='lat' dir='ltr'>et</span> <span class='ocrx_word' id='word_1_169' title='bbox 471 2155 547 2224; x_wconf 80' lang='lat' dir='ltr'>toga</span> <span class='ocrx_word' id='word_1_170' title='bbox 574 2141 678 2224; x_wconf 87' lang='lat' dir='ltr'>picts,</span> <span class='ocrx_word' id='word_1_171' title='bbox 709 2160 889 2223; x_wconf 79' lang='lat' dir='ltr'>quenquam</span> <span class='ocrx_word' id='word_1_172' title='bbox 920 2153 953 2200; x_wconf 87' lang='lat' dir='ltr'>et</span> <span class='ocrx_word' id='word_1_173' title='bbox 981 2138 1048 2214; x_wconf 89' lang='lat' dir='ltr'>his,</span> <span class='ocrx_word' id='word_1_174' title='bbox 1078 2157 1152 2200; x_wconf 87' lang='lat' dir='ltr'>oum</span> <span class='ocrx_word' id='word_1_175' title='bbox 1177 2187 1185 2198; x_wconf 85' lang='lat'>.</span> <span class='ocrx_word' id='word_1_176' title='bbox 1210 2147 1414 2224; x_wconf 75' lang='lat' dir='ltr'>diqnilatum.</span> <span class='ocrx_word' id='word_1_177' title='bbox 1446 2175 1490 2188; x_wconf 94' lang='lat'><em>-</em></span> <span class='ocrx_word' id='word_1_178' title='bbox 1510 2175 1554 2190; x_wconf 88' lang='lat'><em>-</em></span> <span class='ocrx_word' id='word_1_179' title='bbox 1574 2175 1615 2192; x_wconf 84' lang='lat'>-</span> <span class='ocrx_word' id='word_1_180' title='bbox 1646 2148 1748 2225; x_wconf 74' lang='lat' dir='ltr'>Pinye</span> <span class='ocrx_word' id='word_1_181' title='bbox 1770 2156 1880 2208; x_wconf 71' lang='lat' dir='ltr'>emtas</span> <span class='ocrx_word' id='word_1_182' title='bbox 1900 2150 1955 2210; x_wconf 78' lang='lat' dir='ltr'>lra-</span> 
     </span>
     <span class='ocr_line' id='line_1_18' title="bbox 405 2235 1956 2326; baseline 0.003 -20"><span class='ocrx_word' id='word_1_183' title='bbox 405 2243 662 2326; x_wconf 81' lang='lat' dir='ltr'>triumpbsrent,</span> <span class='ocrx_word' id='word_1_184' title='bbox 693 2243 743 2302; x_wconf 85' lang='lat' dir='ltr'>usi</span> <span class='ocrx_word' id='word_1_185' title='bbox 772 2251 855 2305; x_wconf 88' lang='lat' dir='ltr'>sunt.</span> <span class='ocrx_word' id='word_1_186' title='bbox 900 2239 997 2300; x_wconf 88' lang='lat' dir='ltr'>Numi</span> <span class='ocrx_word' id='word_1_187' title='bbox 1019 2235 1156 2300; x_wconf 85' lang='lat' dir='ltr'>familis·</span> <span class='ocrx_word' id='word_1_188' title='bbox 1209 2246 1710 2323; x_wconf 74' lang='lat' dir='ltr'>mrornnriorolorepolmotae,</span> <span class='ocrx_word' id='word_1_189' title='bbox 1734 2249 1956 2310; x_wconf 73' lang='lat' dir='ltr'>reddoremu-</span> 
     </span>
     <span class='ocr_line' id='line_1_19' title="bbox 406 2343 1957 2430; baseline 0.003 -23"><span class='ocrx_word' id='word_1_190' title='bbox 406 2365 481 2407; x_wconf 85' lang='lat' dir='ltr'>rnm</span> <span class='ocrx_word' id='word_1_191' title='bbox 504 2363 617 2430; x_wconf 82' lang='lat' dir='ltr'>parum</span> <span class='ocrx_word' id='word_1_192' title='bbox 639 2362 699 2404; x_wconf 86' lang='lat' dir='ltr'>nos</span> <span class='ocrx_word' id='word_1_193' title='bbox 721 2343 900 2417; x_wconf 87' lang='lat' dir='ltr'>instruunt,</span> <span class='ocrx_word' id='word_1_194' title='bbox 930 2354 1083 2424; x_wconf 85' lang='lat' dir='ltr'>quantum</span> <span class='ocrx_word' id='word_1_195' title='bbox 1112 2361 1153 2402; x_wconf 82' lang='lat' dir='ltr'>ex</span> <span class='ocrx_word' id='word_1_196' title='bbox 1209 2343 1770 2424; x_wconf 74' lang='lat' dir='ltr'>rrumvidtorinliscipionenobs&#39;ls&#39;ln,</span> <span class='ocrx_word' id='word_1_197' title='bbox 1787 2352 1957 2430; x_wconf 82' lang='lat' dir='ltr'>laresprn-</span> 
     </span>
     <span class='ocr_line' id='line_1_20' title="bbox 406 2442 1957 2528; baseline 0.003 -21"><span class='ocrx_word' id='word_1_198' title='bbox 406 2459 457 2508; x_wconf 88' lang='lat' dir='ltr'>tot</span> <span class='ocrx_word' id='word_1_199' title='bbox 474 2443 653 2528; x_wconf 78' lang='lat' dir='ltr'>insignibus</span> <span class='ocrx_word' id='word_1_200' title='bbox 672 2451 822 2524; x_wconf 77' lang='lat' dir='ltr'>tempore</span> <span class='ocrx_word' id='word_1_201' title='bbox 842 2444 965 2504; x_wconf 83' lang='lat' dir='ltr'>Romae</span> <span class='ocrx_word' id='word_1_202' title='bbox 990 2442 1095 2505; x_wconf 85' lang='lat' dir='ltr'>adhuc</span> <span class='ocrx_word' id='word_1_203' title='bbox 1117 2443 1153 2503; x_wconf 81' lang='lat' dir='ltr'>li·</span> <span class='ocrx_word' id='word_1_204' title='bbox 1205 2449 1830 2528; x_wconf 71' lang='lat' dir='ltr'>prioseliamralceisnorsstireqredere,</span> <span class='ocrx_word' id='word_1_205' title='bbox 1842 2453 1957 2512; x_wconf 73' lang='lat' dir='ltr'>sellan</span> 
     </span>
     <span class='ocr_line' id='line_1_21' title="bbox 405 2541 1955 2630; baseline 0.004 -22"><span class='ocrx_word' id='word_1_206' title='bbox 405 2547 508 2610; x_wconf 81' lang='lat' dir='ltr'>berae</span> <span class='ocrx_word' id='word_1_207' title='bbox 547 2545 727 2609; x_wconf 79' lang='lat' dir='ltr'>consulatui</span> <span class='ocrx_word' id='word_1_208' title='bbox 760 2543 861 2606; x_wconf 78' lang='lat' dir='ltr'>suerit</span> <span class='ocrx_word' id='word_1_209' title='bbox 900 2541 1070 2626; x_wconf 76' lang='lat' dir='ltr'>indultum.</span> <span class='ocrx_word' id='word_1_210' title='bbox 1115 2544 1152 2604; x_wconf 87' lang='lat' dir='ltr'>ln</span> <span class='ocrx_word' id='word_1_211' title='bbox 1208 2552 1348 2610; x_wconf 81' lang='lat' dir='ltr'>curulem</span> <span class='ocrx_word' id='word_1_212' title='bbox 1363 2569 1423 2626; x_wconf 84' lang='lat' dir='ltr'>pro</span> <span class='ocrx_word' id='word_1_213' title='bbox 1439 2567 1500 2608; x_wconf 77' lang='lat' dir='ltr'>stro</span> <span class='ocrx_word' id='word_1_214' title='bbox 1518 2552 1864 2628; x_wconf 67' lang='lat' dir='ltr'>maqnttndinemuttts</span> <span class='ocrx_word' id='word_1_215' title='bbox 1880 2573 1955 2630; x_wconf 72' lang='lat' dir='ltr'>yra-</span> 
     </span>
     <span class='ocr_line' id='line_1_22' title="bbox 315 2641 1955 2732; baseline 0.002 -21"><span class='ocrx_word' id='word_1_216' title='bbox 315 2701 334 2730; x_wconf 61' lang='lat'>„</span> <span class='ocrx_word' id='word_1_217' title='bbox 405 2650 515 2712; x_wconf 82' lang='lat' dir='ltr'>nomin</span> <span class='ocrx_word' id='word_1_218' title='bbox 544 2649 649 2732; x_wconf 81' lang='lat' dir='ltr'>gentis</span> <span class='ocrx_word' id='word_1_219' title='bbox 671 2648 780 2712; x_wconf 80' lang='lat' dir='ltr'>iunias</span> <span class='ocrx_word' id='word_1_220' title='bbox 809 2647 942 2728; x_wconf 82' lang='lat' dir='ltr'>lingitur</span> <span class='ocrx_word' id='word_1_221' title='bbox 970 2657 1065 2709; x_wconf 82' lang='lat' dir='ltr'>setus</span> <span class='ocrx_word' id='word_1_222' title='bbox 1092 2641 1155 2706; x_wconf 85' lang='lat' dir='ltr'>ille¹</span> <span class='ocrx_word' id='word_1_223' title='bbox 1208 2652 1423 2712; x_wconf 78' lang='lat' dir='ltr'>didusenr&#39;rm</span> <span class='ocrx_word' id='word_1_224' title='bbox 1439 2653 1590 2725; x_wconf 84' lang='lat' dir='ltr'>ascende,</span> <span class='ocrx_word' id='word_1_225' title='bbox 1608 2660 1645 2711; x_wconf 83' lang='lat' dir='ltr'>ut</span> <span class='ocrx_word' id='word_1_226' title='bbox 1662 2654 1697 2712; x_wconf 81' lang='lat' dir='ltr'>in</span> <span class='ocrx_word' id='word_1_227' title='bbox 1711 2652 1778 2712; x_wconf 83' lang='lat' dir='ltr'>otio</span> <span class='ocrx_word' id='word_1_228' title='bbox 1794 2651 1955 2728; x_wconf 61' lang='lat' dir='ltr'>rudiatur</span> 
     </span>
     <span class='ocr_line' id='line_1_23' title="bbox 404 2750 1954 2834; baseline 0.001 -21"><span class='ocrx_word' id='word_1_229' title='bbox 404 2753 447 2816; x_wconf 90' lang='lat' dir='ltr'>L.</span> <span class='ocrx_word' id='word_1_230' title='bbox 472 2753 611 2825; x_wconf 85' lang='lat' dir='ltr'>Brutus,</span> <span class='ocrx_word' id='word_1_231' title='bbox 641 2750 769 2834; x_wconf 84' lang='lat' dir='ltr'>etipse</span> <span class='ocrx_word' id='word_1_232' title='bbox 795 2761 868 2832; x_wconf 85' lang='lat' dir='ltr'>post</span> <span class='ocrx_word' id='word_1_233' title='bbox 894 2759 1025 2808; x_wconf 84' lang='lat' dir='ltr'>exactos</span> <span class='ocrx_word' id='word_1_234' title='bbox 1053 2765 1151 2828; x_wconf 82' lang='lat' dir='ltr'>reges</span> <span class='ocrx_word' id='word_1_235' title='bbox 1208 2753 1380 2823; x_wconf 76' lang='lat' dir='ltr'>merearis,</span> <span class='ocrx_word' id='word_1_236' title='bbox 1403 2753 1490 2831; x_wconf 83' lang='lat' dir='ltr'>qood</span> <span class='ocrx_word' id='word_1_237' title='bbox 1503 2753 1954 2827; x_wconf 79' lang='lat' dir='ltr'>norpermarlmorlabnres</span> 
     </span>
     <span class='ocr_line' id='line_1_24' title="bbox 404 2848 1954 2937; baseline 0 -21"><span class='ocrx_word' id='word_1_238' title='bbox 404 2855 531 2937; x_wconf 84' lang='lat' dir='ltr'>primus</span> <span class='ocrx_word' id='word_1_239' title='bbox 554 2854 670 2917; x_wconf 90' lang='lat' dir='ltr'>consul</span> <span class='ocrx_word' id='word_1_240' title='bbox 690 2853 776 2913; x_wconf 86' lang='lat' dir='ltr'>inter</span> <span class='ocrx_word' id='word_1_241' title='bbox 795 2851 876 2912; x_wconf 88' lang='lat' dir='ltr'>duos</span> <span class='ocrx_word' id='word_1_242' title='bbox 899 2849 1032 2910; x_wconf 77' lang='lat' dir='ltr'>lictores</span> <span class='ocrx_word' id='word_1_243' title='bbox 1058 2848 1153 2910; x_wconf 82' lang='lat' dir='ltr'>fesci·</span> <span class='ocrx_word' id='word_1_244' title='bbox 1209 2853 1400 2913; x_wconf 78' lang='lat' dir='ltr'>assumimur</span> <span class='ocrx_word' id='word_1_245' title='bbox 1414 2849 1614 2928; x_wconf 73' lang='lat' dir='ltr'>imperdntes.</span> <span class='ocrx_word' id='word_1_246' title='bbox 1642 2848 1686 2910; x_wconf 88' lang='lat' dir='ltr'>Et</span> <span class='ocrx_word' id='word_1_247' title='bbox 1702 2869 1781 2912; x_wconf 86' lang='lat' dir='ltr'>sero</span> <span class='ocrx_word' id='word_1_248' title='bbox 1797 2850 1830 2910; x_wconf 93' lang='lat' dir='ltr'>in</span> <span class='ocrx_word' id='word_1_249' title='bbox 1847 2853 1954 2915; x_wconf 72' lang='lat' dir='ltr'>numi·</span> 
     </span>
     <span class='ocr_line' id='line_1_25' title="bbox 403 2947 1955 3035; baseline -0.005 -16"><span class='ocrx_word' id='word_1_250' title='bbox 403 2957 486 3031; x_wconf 88' lang='lat' dir='ltr'>bus,</span> <span class='ocrx_word' id='word_1_251' title='bbox 510 2969 542 3020; x_wconf 89' lang='lat' dir='ltr'>et</span> <span class='ocrx_word' id='word_1_252' title='bbox 565 2954 673 3018; x_wconf 88' lang='lat' dir='ltr'>securi</span> <span class='ocrx_word' id='word_1_253' title='bbox 695 2951 848 3016; x_wconf 85' lang='lat' dir='ltr'>horridos</span> <span class='ocrx_word' id='word_1_254' title='bbox 871 2949 1074 3034; x_wconf 82' lang='lat' dir='ltr'>procedere:</span> <span class='ocrx_word' id='word_1_255' title='bbox 1099 2969 1151 3014; x_wconf 82' lang='lat' dir='ltr'>re·</span> <span class='ocrx_word' id='word_1_256' title='bbox 1209 2952 1431 3032; x_wconf 76' lang='lat' dir='ltr'>Augustorum</span> <span class='ocrx_word' id='word_1_257' title='bbox 1454 2947 1529 3010; x_wconf 88' lang='lat' dir='ltr'>inde</span> <span class='ocrx_word' id='word_1_258' title='bbox 1557 2971 1577 3011; x_wconf 85' lang='lat' dir='ltr'>a</span> <span class='ocrx_word' id='word_1_259' title='bbox 1604 2949 1790 3014; x_wconf 77' lang='lat' dir='ltr'>declinante</span> <span class='ocrx_word' id='word_1_260' title='bbox 1812 2951 1955 3035; x_wconf 82' lang='lat' dir='ltr'>irnperio</span> 
     </span>
     <span class='ocr_line' id='line_1_26' title="bbox 403 3049 1956 3136; baseline -0.001 -16"><span class='ocrx_word' id='word_1_261' title='bbox 403 3079 477 3120; x_wconf 83' lang='lat' dir='ltr'>rum</span> <span class='ocrx_word' id='word_1_262' title='bbox 496 3057 624 3120; x_wconf 87' lang='lat' dir='ltr'>consuli</span> <span class='ocrx_word' id='word_1_263' title='bbox 639 3057 710 3118; x_wconf 80' lang='lat' dir='ltr'>Xll.</span> <span class='ocrx_word' id='word_1_264' title='bbox 729 3053 835 3117; x_wconf 76' lang='lat' dir='ltr'>fasces</span> <span class='ocrx_word' id='word_1_265' title='bbox 858 3052 1061 3136; x_wconf 76' lang='lat' dir='ltr'>praegestari</span> <span class='ocrx_word' id='word_1_266' title='bbox 1077 3072 1153 3114; x_wconf 86' lang='lat' dir='ltr'>con·</span> <span class='ocrx_word' id='word_1_267' title='bbox 1210 3071 1307 3133; x_wconf 83' lang='lat' dir='ltr'>saepe</span> <span class='ocrx_word' id='word_1_268' title='bbox 1331 3049 1475 3112; x_wconf 85' lang='lat' dir='ltr'>occurrit</span> <span class='ocrx_word' id='word_1_269' title='bbox 1497 3065 1647 3134; x_wconf 86' lang='lat' dir='ltr'>protome</span> <span class='ocrx_word' id='word_1_270' title='bbox 1669 3052 1879 3136; x_wconf 85' lang='lat' dir='ltr'>imperatoris</span> <span class='ocrx_word' id='word_1_271' title='bbox 1902 3076 1956 3120; x_wconf 86' lang='lat' dir='ltr'>ve·</span> 
     </span>
    </p>
   </div>
   <div class='ocr_carea' id='block_1_3' title="bbox 1032 432 1453 512">
    <p class='ocr_par' dir='ltr' id='par_1_3' title="bbox 1032 432 1453 512">
     <span class='ocr_line' id='line_1_27' title="bbox 1032 432 1453 512; baseline -0.01 0"><span class='ocrx_word' id='word_1_272' title='bbox 1032 432 1247 512; x_wconf 83' lang='lat' dir='ltr'>-CAPV&#39;T</span> <span class='ocrx_word' id='word_1_273' title='bbox 1280 435 1308 510; x_wconf 91' lang='lat'>1.</span> <span class='ocrx_word' id='word_1_274' title='bbox 1447 459 1453 472; x_wconf 89' lang='lat'><strong>·</strong></span> 
     </span>
    </p>
   </div>
   <div class='ocr_carea' id='block_1_4' title="bbox 397 3153 1155 4459">
    <p class='ocr_par' dir='ltr' id='par_1_4' title="bbox 397 3153 1155 4459">
     <span class='ocr_line' id='line_1_28' title="bbox 405 3153 1152 3240; baseline -0.003 -22"><span class='ocrx_word' id='word_1_275' title='bbox 405 3159 569 3234; x_wconf 85' lang='lat' dir='ltr'>suevisse,</span> <span class='ocrx_word' id='word_1_276' title='bbox 600 3157 663 3240; x_wconf 87' lang='lat' dir='ltr'>jam</span> <span class='ocrx_word' id='word_1_277' title='bbox 687 3156 843 3221; x_wconf 74' lang='lat' dir='ltr'>aliorsum</span> <span class='ocrx_word' id='word_1_278' title='bbox 872 3156 947 3217; x_wconf 81' lang='lat' dir='ltr'>satis</span> <span class='ocrx_word' id='word_1_279' title='bbox 976 3153 1152 3218; x_wconf 72' lang='lat' dir='ltr'>constabat.</span> 
     </span>
     <span class='ocr_line' id='line_1_29' title="bbox 397 3253 1152 3342; baseline -0.004 -22"><span class='ocrx_word' id='word_1_280' title='bbox 397 3263 442 3320; x_wconf 76' lang='lat' dir='ltr'>in</span> <span class='ocrx_word' id='word_1_281' title='bbox 468 3259 609 3323; x_wconf 86' lang='lat' dir='ltr'>denariis</span> <span class='ocrx_word' id='word_1_282' title='bbox 635 3261 733 3324; x_wconf 85' lang='lat' dir='ltr'>Corn.</span> <span class='ocrx_word' id='word_1_283' title='bbox 758 3255 888 3332; x_wconf 81' lang='lat' dir='ltr'>Suilne,</span> <span class='ocrx_word' id='word_1_284' title='bbox 911 3253 966 3339; x_wconf 90' lang='lat' dir='ltr'>qui</span> <span class='ocrx_word' id='word_1_285' title='bbox 992 3277 1052 3342; x_wconf 86' lang='lat' dir='ltr'>par</span> <span class='ocrx_word' id='word_1_286' title='bbox 1076 3277 1152 3318; x_wconf 87' lang='lat' dir='ltr'>ron·</span> 
     </span>
     <span class='ocr_line' id='line_1_30' title="bbox 406 3355 1155 3440; baseline -0.011 -14"><span class='ocrx_word' id='word_1_287' title='bbox 406 3364 512 3426; x_wconf 85' lang='lat' dir='ltr'>sulurn</span> <span class='ocrx_word' id='word_1_288' title='bbox 533 3361 672 3438; x_wconf 81' lang='lat' dir='ltr'>Sullam,</span> <span class='ocrx_word' id='word_1_289' title='bbox 701 3372 735 3422; x_wconf 90' lang='lat' dir='ltr'>et</span> <span class='ocrx_word' id='word_1_290' title='bbox 751 3357 943 3440; x_wconf 81' lang='lat' dir='ltr'>Pompejum</span> <span class='ocrx_word' id='word_1_291' title='bbox 963 3355 1083 3420; x_wconf 80' lang='lat' dir='ltr'>Rufum</span> <span class='ocrx_word' id='word_1_292' title='bbox 1103 3355 1155 3419; x_wconf 68' lang='lat' dir='ltr'>oi·¹</span> 
     </span>
     <span class='ocr_line' id='line_1_31' title="bbox 406 3457 1151 3538; baseline -0.008 -12"><span class='ocrx_word' id='word_1_293' title='bbox 406 3463 534 3538; x_wconf 82' lang='lat' dir='ltr'>lerunt,</span> <span class='ocrx_word' id='word_1_294' title='bbox 556 3478 592 3524; x_wconf 82' lang='lat' dir='ltr'>ut</span> <span class='ocrx_word' id='word_1_295' title='bbox 613 3477 646 3524; x_wconf 84' lang='lat' dir='ltr'>et</span> <span class='ocrx_word' id='word_1_296' title='bbox 666 3461 698 3522; x_wconf 92' lang='lat' dir='ltr'>in</span> <span class='ocrx_word' id='word_1_297' title='bbox 721 3457 855 3522; x_wconf 87' lang='lat' dir='ltr'>denario</span> <span class='ocrx_word' id='word_1_298' title='bbox 874 3457 1000 3528; x_wconf 77' lang='lat' dir='ltr'>Valerii</span> <span class='ocrx_word' id='word_1_299' title='bbox 1017 3457 1151 3520; x_wconf 82' lang='lat' dir='ltr'>Messal-</span> 
     </span>
     <span class='ocr_line' id='line_1_32' title="bbox 404 3558 1151 3645; baseline -0.005 -21"><span class='ocrx_word' id='word_1_300' title='bbox 404 3565 476 3639; x_wconf 81' lang='lat' dir='ltr'>lae,</span> <span class='ocrx_word' id='word_1_301' title='bbox 510 3565 667 3645; x_wconf 84' lang='lat' dir='ltr'>inscripto</span> <span class='ocrx_word' id='word_1_302' title='bbox 693 3563 853 3626; x_wconf 74' lang='lat' dir='ltr'><strong>PATRE.</strong></span> <span class='ocrx_word' id='word_1_303' title='bbox 874 3559 988 3637; x_wconf 86' lang='lat' dir='ltr'>COS.,</span> <span class='ocrx_word' id='word_1_304' title='bbox 1012 3558 1151 3622; x_wconf 84' lang='lat' dir='ltr'>consoli·</span> 
     </span>
     <span class='ocr_line' id='line_1_33' title="bbox 405 3653 1152 3738; baseline -0.008 -12"><span class='ocrx_word' id='word_1_305' title='bbox 405 3663 468 3728; x_wconf 88' lang='lat' dir='ltr'>but</span> <span class='ocrx_word' id='word_1_306' title='bbox 486 3663 568 3727; x_wconf 85' lang='lat' dir='ltr'>tells</span> <span class='ocrx_word' id='word_1_307' title='bbox 585 3663 707 3724; x_wconf 86' lang='lat' dir='ltr'>curulis</span> <span class='ocrx_word' id='word_1_308' title='bbox 724 3653 897 3738; x_wconf 86' lang='lat' dir='ltr'>tribuitur,</span> <span class='ocrx_word' id='word_1_309' title='bbox 920 3659 978 3724; x_wconf 85' lang='lat' dir='ltr'>scd</span> <span class='ocrx_word' id='word_1_310' title='bbox 998 3662 1080 3722; x_wconf 86' lang='lat' dir='ltr'>bunc</span> <span class='ocrx_word' id='word_1_311' title='bbox 1096 3659 1152 3723; x_wconf 83' lang='lat' dir='ltr'>stit</span> 
     </span>
     <span class='ocr_line' id='line_1_34' title="bbox 406 3761 1151 3846; baseline -0.005 -18"><span class='ocrx_word' id='word_1_312' title='bbox 406 3766 504 3829; x_wconf 84' lang='lat' dir='ltr'>etiarn</span> <span class='ocrx_word' id='word_1_313' title='bbox 540 3764 745 3846; x_wconf 74' lang='lat' dir='ltr'>magistratus</span> <span class='ocrx_word' id='word_1_314' title='bbox 774 3761 943 3826; x_wconf 85' lang='lat' dir='ltr'>consulatu</span> <span class='ocrx_word' id='word_1_315' title='bbox 977 3761 1151 3825; x_wconf 82' lang='lat' dir='ltr'>inferiores</span> 
     </span>
     <span class='ocr_line' id='line_1_35' title="bbox 406 3857 1152 3930; baseline -0.008 0"><span class='ocrx_word' id='word_1_316' title='bbox 406 3887 613 3930; x_wconf 85' lang='lat' dir='ltr'>communem</span> <span class='ocrx_word' id='word_1_317' title='bbox 651 3863 806 3928; x_wconf 83' lang='lat' dir='ltr'>habuere.</span> <span class='ocrx_word' id='word_1_318' title='bbox 848 3857 885 3925; x_wconf 85' lang='lat' dir='ltr'>in</span> <span class='ocrx_word' id='word_1_319' title='bbox 924 3863 1059 3924; x_wconf 86' lang='lat' dir='ltr'>denario</span> <span class='ocrx_word' id='word_1_320' title='bbox 1087 3867 1152 3927; x_wconf 81' lang='lat' dir='ltr'>Au·</span> 
     </span>
     <span class='ocr_line' id='line_1_36' title="bbox 409 3963 1150 4054; baseline -0.008 -22"><span class='ocrx_word' id='word_1_321' title='bbox 409 3971 511 4054; x_wconf 83' lang='lat' dir='ltr'>gusti,</span> <span class='ocrx_word' id='word_1_322' title='bbox 544 3990 640 4054; x_wconf 85' lang='lat' dir='ltr'>quens</span> <span class='ocrx_word' id='word_1_323' title='bbox 669 3965 818 4030; x_wconf 87' lang='lat' dir='ltr'>dedimus</span> <span class='ocrx_word' id='word_1_324' title='bbox 846 3965 878 4025; x_wconf 87' lang='lat' dir='ltr'>in</span> <span class='ocrx_word' id='word_1_325' title='bbox 902 3963 996 4044; x_wconf 86' lang='lat' dir='ltr'>hujus</span> <span class='ocrx_word' id='word_1_326' title='bbox 1019 3978 1150 4027; x_wconf 79' lang='lat' dir='ltr'>moneta</span> 
     </span>
     <span class='ocr_line' id='line_1_37' title="bbox 411 4066 1152 4156; baseline -0.013 -20"><span class='ocrx_word' id='word_1_327' title='bbox 411 4073 449 4136; x_wconf 86' lang='lat' dir='ltr'>nd</span> <span class='ocrx_word' id='word_1_328' title='bbox 472 4093 589 4136; x_wconf 82' lang='lat' dir='ltr'>annuns</span> <span class='ocrx_word' id='word_1_329' title='bbox 612 4069 653 4134; x_wconf 84' lang='lat' dir='ltr'>V.</span> <span class='ocrx_word' id='word_1_330' title='bbox 679 4070 714 4132; x_wconf 87' lang='lat' dir='ltr'>C.</span> <span class='ocrx_word' id='word_1_331' title='bbox 738 4067 1070 4156; x_wconf 71' lang='lat' dir='ltr'>752,·proponuutur</span> <span class='ocrx_word' id='word_1_332' title='bbox 1090 4066 1152 4128; x_wconf 85' lang='lat' dir='ltr'>soi·</span> 
     </span>
     <span class='ocr_line' id='line_1_38' title="bbox 407 4169 1150 4258; baseline -0.009 -22"><span class='ocrx_word' id='word_1_333' title='bbox 407 4169 463 4258; x_wconf 83' lang='lat' dir='ltr'>pio</span> <span class='ocrx_word' id='word_1_334' title='bbox 491 4195 563 4238; x_wconf 84' lang='lat' dir='ltr'>eunt</span> <span class='ocrx_word' id='word_1_335' title='bbox 586 4171 711 4257; x_wconf 76' lang='lat' dir='ltr'>aquila,</span> <span class='ocrx_word' id='word_1_336' title='bbox 740 4183 818 4252; x_wconf 77' lang='lat' dir='ltr'>toga</span> <span class='ocrx_word' id='word_1_337' title='bbox 839 4170 943 4253; x_wconf 84' lang='lat' dir='ltr'>pinta,</span> <span class='ocrx_word' id='word_1_338' title='bbox 973 4181 1008 4232; x_wconf 87' lang='lat' dir='ltr'>st</span> <span class='ocrx_word' id='word_1_339' title='bbox 1028 4169 1150 4244; x_wconf 81' lang='lat' dir='ltr'>laurea,</span> 
     </span>
     <span class='ocr_line' id='line_1_39' title="bbox 408 4269 1153 4382; baseline -0.011 -42"><span class='ocrx_word' id='word_1_340' title='bbox 408 4277 465 4340; x_wconf 88' lang='lat' dir='ltr'>sed</span> <span class='ocrx_word' id='word_1_341' title='bbox 488 4297 570 4382; x_wconf 59' lang='lat' dir='ltr'>quus</span> <span class='ocrx_word' id='word_1_342' title='bbox 590 4275 697 4345; x_wconf 79' lang='lat' dir='ltr'>omnia</span> <span class='ocrx_word' id='word_1_343' title='bbox 719 4272 926 4340; x_wconf 82' lang='lat' dir='ltr'>verisimilius</span> <span class='ocrx_word' id='word_1_344' title='bbox 943 4271 989 4333; x_wconf 90' lang='lat' dir='ltr'>ibi</span> <span class='ocrx_word' id='word_1_345' title='bbox 1006 4269 1073 4332; x_wconf 86' lang='lat' dir='ltr'>dixi</span> <span class='ocrx_word' id='word_1_346' title='bbox 1088 4289 1153 4352; x_wconf 56' lang='lat' dir='ltr'>pro,</span> 
     </span>
     <span class='ocr_line' id='line_1_40' title="bbox 408 4373 1150 4459; baseline -0.013 -17"><span class='ocrx_word' id='word_1_347' title='bbox 408 4380 607 4442; x_wconf 82' lang='lat' dir='ltr'>ornamentis</span> <span class='ocrx_word' id='word_1_348' title='bbox 643 4373 908 4459; x_wconf 83' lang='lat' dir='ltr'>triumphalibus,</span> <span class='ocrx_word' id='word_1_349' title='bbox 942 4391 1038 4457; x_wconf 85' lang='lat' dir='ltr'>quam</span> <span class='ocrx_word' id='word_1_350' title='bbox 1074 4391 1150 4434; x_wconf 91' lang='lat' dir='ltr'>con·</span> 
     </span>
    </p>
   </div>
   <div class='ocr_carea' id='block_1_5' title="bbox 293 4467 1155 4562">
    <p class='ocr_par' dir='ltr' id='par_1_5' title="bbox 293 4467 1155 4562">
     <span class='ocr_line' id='line_1_41' title="bbox 293 4467 1155 4562; baseline -0.006 -21"><span class='ocrx_word' id='word_1_351' title='bbox 293 4489 313 4516; x_wconf 81' lang='lat'><em>⁶</em></span> <span class='ocrx_word' id='word_1_352' title='bbox 409 4482 529 4543; x_wconf 84' lang='lat' dir='ltr'>solatus</span> <span class='ocrx_word' id='word_1_353' title='bbox 566 4467 745 4562; x_wconf 77' lang='lat' dir='ltr'>insignibus</span> <span class='ocrx_word' id='word_1_354' title='bbox 781 4475 942 4540; x_wconf 86' lang='lat' dir='ltr'>habenda.</span> <span class='ocrx_word' id='word_1_355' title='bbox 984 4473 1035 4537; x_wconf 82' lang='lat' dir='ltr'>Ad</span> <span class='ocrx_word' id='word_1_356' title='bbox 1067 4472 1155 4537; x_wconf 80' lang='lat' dir='ltr'>baso.</span> 
     </span>
    </p>
   </div>
   <div class='ocr_carea' id='block_1_6' title="bbox 1207 3151 1956 4556">
    <p class='ocr_par' dir='ltr' id='par_1_6' title="bbox 1207 3151 1956 4556">
     <span class='ocr_line' id='line_1_42' title="bbox 1209 3151 1956 3237; baseline 0.009 -23"><span class='ocrx_word' id='word_1_357' title='bbox 1209 3165 1259 3214; x_wconf 90' lang='lat' dir='ltr'>ste</span> <span class='ocrx_word' id='word_1_358' title='bbox 1290 3153 1427 3234; x_wconf 80' lang='lat' dir='ltr'>palmata</span> <span class='ocrx_word' id='word_1_359' title='bbox 1459 3151 1674 3230; x_wconf 85' lang='lat' dir='ltr'>circumdata,</span> <span class='ocrx_word' id='word_1_360' title='bbox 1705 3167 1740 3215; x_wconf 85' lang='lat' dir='ltr'>et</span> <span class='ocrx_word' id='word_1_361' title='bbox 1771 3156 1956 3237; x_wconf 81' lang='lat' dir='ltr'>scipionem</span> 
     </span>
     <span class='ocr_line' id='line_1_43' title="bbox 1208 3253 1955 3339; baseline 0.008 -25"><span class='ocrx_word' id='word_1_362' title='bbox 1208 3253 1350 3336; x_wconf 74' lang='lat' dir='ltr'>praelixa</span> <span class='ocrx_word' id='word_1_363' title='bbox 1371 3253 1476 3337; x_wconf 85' lang='lat' dir='ltr'>aquila</span> <span class='ocrx_word' id='word_1_364' title='bbox 1498 3271 1593 3316; x_wconf 84' lang='lat' dir='ltr'>manu</span> <span class='ocrx_word' id='word_1_365' title='bbox 1613 3269 1761 3336; x_wconf 78' lang='lat' dir='ltr'>gestans,</span> <span class='ocrx_word' id='word_1_366' title='bbox 1793 3277 1858 3339; x_wconf 91' lang='lat' dir='ltr'>quo</span> <span class='ocrx_word' id='word_1_367' title='bbox 1879 3279 1955 3322; x_wconf 91' lang='lat' dir='ltr'>con·</span> 
     </span>
     <span class='ocr_line' id='line_1_44' title="bbox 1208 3353 1952 3440; baseline 0.012 -27"><span class='ocrx_word' id='word_1_368' title='bbox 1208 3353 1313 3416; x_wconf 87' lang='lat' dir='ltr'>sulem</span> <span class='ocrx_word' id='word_1_369' title='bbox 1343 3359 1525 3440; x_wconf 79' lang='lat' dir='ltr'>Augustum</span> <span class='ocrx_word' id='word_1_370' title='bbox 1556 3356 1731 3438; x_wconf 85' lang='lat' dir='ltr'>intelligas.</span> <span class='ocrx_word' id='word_1_371' title='bbox 1775 3360 1818 3420; x_wconf 78' lang='lat' dir='ltr'>Ar</span> <span class='ocrx_word' id='word_1_372' title='bbox 1847 3371 1952 3423; x_wconf 86' lang='lat' dir='ltr'>totum</span> 
     </span>
     <span class='ocr_line' id='line_1_45' title="bbox 1208 3456 1954 3544; baseline 0.008 -26"><span class='ocrx_word' id='word_1_373' title='bbox 1208 3456 1378 3544; x_wconf 84' lang='lat' dir='ltr'>consulum</span> <span class='ocrx_word' id='word_1_374' title='bbox 1418 3457 1561 3519; x_wconf 85' lang='lat' dir='ltr'>habitum</span> <span class='ocrx_word' id='word_1_375' title='bbox 1602 3460 1724 3542; x_wconf 86' lang='lat' dir='ltr'>optime</span> <span class='ocrx_word' id='word_1_376' title='bbox 1762 3460 1873 3544; x_wconf 79' lang='lat' dir='ltr'>capies</span> <span class='ocrx_word' id='word_1_377' title='bbox 1913 3481 1954 3524; x_wconf 82' lang='lat' dir='ltr'>ex</span> 
     </span>
     <span class='ocr_line' id='line_1_46' title="bbox 1208 3555 1954 3642; baseline 0.012 -24"><span class='ocrx_word' id='word_1_378' title='bbox 1208 3555 1368 3638; x_wconf 78' lang='lat' dir='ltr'>diptychis</span> <span class='ocrx_word' id='word_1_379' title='bbox 1396 3557 1565 3634; x_wconf 78' lang='lat' dir='ltr'>eburneis,</span> <span class='ocrx_word' id='word_1_380' title='bbox 1597 3579 1736 3642; x_wconf 84' lang='lat' dir='ltr'>quorum</span> <span class='ocrx_word' id='word_1_381' title='bbox 1765 3583 1866 3624; x_wconf 87' lang='lat' dir='ltr'>unum</span> <span class='ocrx_word' id='word_1_382' title='bbox 1898 3564 1954 3627; x_wconf 85' lang='lat' dir='ltr'>de·</span> 
     </span>
     <span class='ocr_line' id='line_1_47' title="bbox 1208 3658 1954 3742; baseline 0.012 -24"><span class='ocrx_word' id='word_1_383' title='bbox 1208 3658 1255 3719; x_wconf 91' lang='lat' dir='ltr'>dit</span> <span class='ocrx_word' id='word_1_384' title='bbox 1270 3660 1457 3742; x_wconf 83' lang='lat' dir='ltr'>Ducangius</span> <span class='ocrx_word' id='word_1_385' title='bbox 1477 3661 1509 3720; x_wconf 92' lang='lat' dir='ltr'>in</span> <span class='ocrx_word' id='word_1_386' title='bbox 1530 3659 1757 3724; x_wconf 84' lang='lat' dir='ltr'>dissertatione</span> <span class='ocrx_word' id='word_1_387' title='bbox 1782 3662 1824 3726; x_wconf 86' lang='lat' dir='ltr'>de</span> <span class='ocrx_word' id='word_1_388' title='bbox 1848 3668 1954 3727; x_wconf 86' lang='lat' dir='ltr'>numis</span> 
     </span>
     <span class='ocr_line' id='line_1_48' title="bbox 1208 3761 1954 3850; baseline 0.008 -28"><span class='ocrx_word' id='word_1_389' title='bbox 1208 3761 1375 3824; x_wconf 82' lang='lat' dir='ltr'>inferioris</span> <span class='ocrx_word' id='word_1_390' title='bbox 1404 3761 1476 3824; x_wconf 83' lang='lat' dir='ltr'>aevi</span> <span class='ocrx_word' id='word_1_391' title='bbox 1502 3763 1611 3826; x_wconf 82' lang='lat' dir='ltr'>tabula</span> <span class='ocrx_word' id='word_1_392' title='bbox 1633 3765 1672 3838; x_wconf 84' lang='grc'>1.,</span> <span class='ocrx_word' id='word_1_393' title='bbox 1712 3777 1748 3826; x_wconf 90' lang='lat' dir='ltr'>et</span> <span class='ocrx_word' id='word_1_394' title='bbox 1777 3765 1954 3850; x_wconf 80' lang='lat' dir='ltr'>explicavit</span> 
     </span>
     <span class='ocr_line' id='line_1_49' title="bbox 1209 3861 1954 3940; baseline 0.008 -17"><span class='ocrx_word' id='word_1_395' title='bbox 1209 3863 1330 3940; x_wconf 83' lang='lat' dir='ltr'>§.1v.,</span> <span class='ocrx_word' id='word_1_396' title='bbox 1354 3861 1410 3923; x_wconf 87' lang='lat' dir='ltr'>nbi</span> <span class='ocrx_word' id='word_1_397' title='bbox 1430 3864 1517 3928; x_wconf 80' lang='lat' dir='ltr'>varia</span> <span class='ocrx_word' id='word_1_398' title='bbox 1534 3863 1652 3928; x_wconf 83' lang='lat' dir='ltr'>idonea</span> <span class='ocrx_word' id='word_1_399' title='bbox 1676 3865 1717 3928; x_wconf 88' lang='lat' dir='ltr'>dc</span> <span class='ocrx_word' id='word_1_400' title='bbox 1741 3865 1853 3934; x_wconf 78' lang='lat' dir='ltr'>habitu</span> <span class='ocrx_word' id='word_1_401' title='bbox 1876 3887 1954 3932; x_wconf 85' lang='lat' dir='ltr'>oon·</span> 
     </span>
     <span class='ocr_line' id='line_1_50' title="bbox 1209 3961 1954 4052; baseline 0.012 -29"><span class='ocrx_word' id='word_1_402' title='bbox 1209 3961 1309 4025; x_wconf 89' lang='lat' dir='ltr'>sulsri</span> <span class='ocrx_word' id='word_1_403' title='bbox 1325 3963 1411 4026; x_wconf 86' lang='lat' dir='ltr'>illius</span> <span class='ocrx_word' id='word_1_404' title='bbox 1427 3965 1540 4029; x_wconf 77' lang='lat' dir='ltr'>aetatis</span> <span class='ocrx_word' id='word_1_405' title='bbox 1555 3963 1663 4030; x_wconf 88' lang='lat' dir='ltr'>docet.</span> <span class='ocrx_word' id='word_1_406' title='bbox 1691 3969 1772 4029; x_wconf 88' lang='lat' dir='ltr'>Item</span> <span class='ocrx_word' id='word_1_407' title='bbox 1797 3987 1840 4030; x_wconf 81' lang='lat' dir='ltr'>ex</span> <span class='ocrx_word' id='word_1_408' title='bbox 1860 3979 1954 4052; x_wconf 75' lang='lat' dir='ltr'>prae·</span> 
     </span>
     <span class='ocr_line' id='line_1_51' title="bbox 1208 4058 1953 4150; baseline 0.012 -23"><span class='ocrx_word' id='word_1_409' title='bbox 1208 4063 1378 4149; x_wconf 57' lang='lat' dir='ltr'>cleralio</span> <span class='ocrx_word' id='word_1_410' title='bbox 1396 4065 1570 4150; x_wconf 74' lang='lat' dir='ltr'>diptycho,</span> <span class='ocrx_word' id='word_1_411' title='bbox 1593 4058 1681 4150; x_wconf 84' lang='lat' dir='ltr'>quod</span> <span class='ocrx_word' id='word_1_412' title='bbox 1707 4067 1784 4130; x_wconf 88' lang='lat' dir='ltr'>olim</span> <span class='ocrx_word' id='word_1_413' title='bbox 1810 4069 1872 4132; x_wconf 80' lang='lat' dir='ltr'>fuir</span> <span class='ocrx_word' id='word_1_414' title='bbox 1888 4075 1953 4135; x_wconf 87' lang='lat' dir='ltr'>No·</span> 
     </span>
     <span class='ocr_line' id='line_1_52' title="bbox 1208 4165 1953 4251; baseline 0.013 -25"><span class='ocrx_word' id='word_1_415' title='bbox 1208 4165 1393 4250; x_wconf 81' lang='lat' dir='ltr'>rimbergsc</span> <span class='ocrx_word' id='word_1_416' title='bbox 1415 4169 1448 4228; x_wconf 91' lang='lat' dir='ltr'>in</span> <span class='ocrx_word' id='word_1_417' title='bbox 1470 4168 1605 4232; x_wconf 84' lang='lat' dir='ltr'>aedibus</span> <span class='ocrx_word' id='word_1_418' title='bbox 1626 4170 1889 4251; x_wconf 79' lang='lat' dir='ltr'>Negeleinianis,</span> <span class='ocrx_word' id='word_1_419' title='bbox 1912 4175 1953 4236; x_wconf 84' lang='lat' dir='ltr'>ab</span> 
     </span>
     <span class='ocr_line' id='line_1_53' title="bbox 1207 4267 1953 4356; baseline 0.005 -24"><span class='ocrx_word' id='word_1_420' title='bbox 1207 4267 1394 4332; x_wconf 77' lang='lat' dir='ltr'>auctoribus</span> <span class='ocrx_word' id='word_1_421' title='bbox 1436 4269 1531 4330; x_wconf 81' lang='lat' dir='ltr'>variis</span> <span class='ocrx_word' id='word_1_422' title='bbox 1574 4271 1702 4334; x_wconf 86' lang='lat' dir='ltr'>erudite</span> <span class='ocrx_word' id='word_1_423' title='bbox 1742 4273 1953 4356; x_wconf 77' lang='lat' dir='ltr'>explicatum,</span> 
     </span>
     <span class='ocr_line' id='line_1_54' title="bbox 1207 4366 1954 4456; baseline 0.011 -24"><span class='ocrx_word' id='word_1_424' title='bbox 1207 4383 1239 4432; x_wconf 87' lang='lat' dir='ltr'>at</span> <span class='ocrx_word' id='word_1_425' title='bbox 1268 4369 1369 4433; x_wconf 86' lang='lat' dir='ltr'>bodie</span> <span class='ocrx_word' id='word_1_426' title='bbox 1399 4366 1486 4434; x_wconf 91' lang='lat' dir='ltr'>inter</span> <span class='ocrx_word' id='word_1_427' title='bbox 1511 4373 1783 4456; x_wconf 75' lang='lat' dir='ltr'>praestantissima</span> <span class='ocrx_word' id='word_1_428' title='bbox 1799 4375 1954 4454; x_wconf 75' lang='lat' dir='ltr'>cimelio,</span> 
     </span>
     <span class='ocr_line' id='line_1_55' title="bbox 1208 4471 1953 4556; baseline 0.009 -21"><span class='ocrx_word' id='word_1_429' title='bbox 1208 4488 1290 4556; x_wconf 83' lang='lat' dir='ltr'>quse</span> <span class='ocrx_word' id='word_1_430' title='bbox 1312 4471 1472 4556; x_wconf 81' lang='lat' dir='ltr'>insignem</span> <span class='ocrx_word' id='word_1_431' title='bbox 1495 4475 1685 4538; x_wconf 84' lang='lat' dir='ltr'>thesaurum</span> <span class='ocrx_word' id='word_1_432' title='bbox 1712 4475 1761 4540; x_wconf 88' lang='lat' dir='ltr'>ill.</span> <span class='ocrx_word' id='word_1_433' title='bbox 1782 4477 1953 4542; x_wconf 87' lang='lat' dir='ltr'>comitisa</span> 
     </span>
    </p>
   </div>
   <div class='ocr_carea' id='block_1_7' title="bbox 446 4666 1650 4761">
    <p class='ocr_par' dir='ltr' id='par_1_7' title="bbox 446 4666 1650 4761">
     <span class='ocr_line' id='line_1_56' title="bbox 446 4666 1650 4761; baseline 0.003 -19"><span class='ocrx_word' id='word_1_434' title='bbox 446 4693 475 4761; x_wconf 67' lang='lat' dir='ltr'>a)</span> <span class='ocrx_word' id='word_1_435' title='bbox 498 4692 567 4744; x_wconf 78' lang='lat' dir='ltr'>Aut.</span> <span class='ocrx_word' id='word_1_436' title='bbox 586 4688 618 4744; x_wconf 83' lang='lat' dir='ltr'>L.</span> <span class='ocrx_word' id='word_1_437' title='bbox 638 4689 687 4746; x_wconf 89' lang='lat'>111.</span> <span class='ocrx_word' id='word_1_438' title='bbox 709 4666 795 4761; x_wconf 26' lang='lat' dir='ltr'>prun.</span> <span class='ocrx_word' id='word_1_439' title='bbox 820 4697 877 4760; x_wconf 85' lang='lat'>195.</span> <span class='ocrx_word' id='word_1_440' title='bbox 979 4685 1258 4761; x_wconf 74' lang='lat' dir='ltr'>b)in&#39;Aut·eliano.</span> <span class='ocrx_word' id='word_1_441' title='bbox 1326 4683 1650 4760; x_wconf 78' lang='lat' dir='ltr'>·c)vartar.L.vt.</span> 
     </span>
    </p>
   </div>
   <div class='ocr_carea' id='block_1_8' title="bbox 0 0 2122 5480">
    <p class='ocr_par' dir='ltr' id='par_1_8' title="bbox 0 0 2122 5480">
     <span class='ocr_line' id='line_1_57' title="bbox 0 0 2122 5480; baseline 0 0"><span class='ocrx_word' id='word_1_442' title='bbox 0 0 2122 5480; x_wconf 95' lang='lat' dir='ltr'> </span> 
     </span>
    </p>
   </div>
  </div>
 </body>
</html>
