4230 5490
160 597 166 610 ,
290 462 292 466 ’
405 516 453 580 aa
892 433 1462 567 aoasnanrvsn
1549 596 1553 602 ῃ

405 680 479 744 DE.
512 675 735 743 TYRANNO.
760 672 898 771 QVAM.
925 681 998 742 tte,
1025 671 1156 744 ostro.
1278 674 1314 740 Si
1342 693 1453 739 sacros
1481 671 1586 739 infimi
1615 673 1688 740 aevi
1705 669 1891 759 scriptores
1913 695 1970 737 sn·

406 779 519 849 stre.
549 779 786 872 Facrtonts.
816 779 921 846 VNO.
943 781 1074 844 l'Elssl’.
1097 779 1158 845 tv·
1214 775 1301 855 iias,
1324 777 1441 842 obvios‘
1461 795 1535 842 esse
1566 791 1739 864 oporteret
1761 777 1973 841 Constantini
2104 811 2105 820 .

409 881 855 950 ssts.1tette.v1.rvs.
880 884 981 950 EST.
1011 883 1158 950 Allills.
1213 901 1333 950 nomos
1347 879 1473 957 omnis,
1494 895 1550 943 ant
1576 879 1671 944 stiam
1691 880 1761 965 ipsa
1776 874 1898 943 Christi
1918 881 1972 946 in·
2020 939 2021 944 ,
2104 901 2105 934 1

386 966 506 1052 11110.
539 983 795 1051 rntvtsessto.
833 969 1075 1052 stratonem.
1097 987 1159 1048 nt·
1215 987 1327 1069 signes
1345 983 1499 1066 imagine.
1546 987 1698 1047 Testatus
1716 993 1889 1067 utrumqne
1915 997 1969 1049 est

408 1089 552 1154 castr.
587 1091 675 1150 istra
707 1109 859 1154 esrom
890 1093 1068 1154 terream..
1090 1089 1158 1150 ΑΕ.
1218 1091 1355 1150 loannes
1387 1085 1610 1150 Damascenns
1640 1088 1682 1167 c).
1729 1089 1882 1163 Pietatis,
1918 1087 1970 1148 in·

410 1211 492 1254 max.
529 1189 617 1254 mod.
650 1187 769 1272 (Beni.
806 1187 994 1255 Psosirrnci
1033 1191 1071 1256 Ρ.
1102 1189 1159 1250 111.
1216 1189 1305 1274 qnit,
1335 1191 1371 1251 in
1397 1191 1554 1251 Ciristmn
1578 1203 1687 1251 oerum
1706 1188 1806 1251 Derim
1823 1201 1968 1254 norim

369 1377 377 1389 .
410 1291 476 1360 tab.
494 1293 563 1372 lio.)
1121 1311 1124 1322 ·
1213 1295 1422 1372 praecipuam
1439 1295 1749 1372 arpssmentssmfeit,
1771 1297 1969 1376 qucdimps·

472 1397 556 1458 Esse
570 1412 612 1456 ex
629 1397 909 1460 scotomiatornm
924 1413 1049 1479 genere
1063 1389 1161 1455 arlin-
1216 1397 1340 1459 sarorio
1354 1395 1972 1474 acpabttsaasmtsmattsatmartscm·

410 1511 476 1562 mat
502 1495 696 1566 sanantur.
750 1495 995 1592 Qualiseoaqne
1019 1475 1159 1570 dieainr,
1216 1500 1281 1572 eis,
1303 1499 1391 1580 praed
1405 1498 1441 1556 irs
1460 1497 1549 1557 coelo
1566 1498 1700 1574 viderat,
1724 1499 1860 1578 siquem,
1880 1500 1971 1560 sttrt·
2104 1529 2105 1538 κ

407 1600 490 1662 mihi
511 1621 593 1682 opos
614 1599 783 1684 aatiqsom
805 1619 871 1662 non
886 1599 1028 1666 videtisr.
1056 1595 1160 1692 Qniri-
1214 1603 1321 1681 stipae
1338 1599 1399 1658 Dei
1414 1599 1552 1658 tamtan
1565 1603 1777 1660 emerendam
1793 1603 1978 1681 inrupissent·

409 1703 488 1788 qoisl
518 1705 601 1780 erit,
633 1702 780 1785 elogium
812 1703 877 1767 ltoc
906 1701 996 1764 idem
1026 1702 1172 1765 omniao-

406 1817 478 1880 est,
501 1801 590 1890 qnod
609 1805 641 1866 in
664 1801 752 1868 boae
770 1803 856 1867 diem
881 1804 1006 1890 legitur
1021 1805 1055 1866 in
1080 1825 1159 1868 aren

408 1907 614 1971 Constantini
651 1908 777 1972 Romae
812 1927 918 1993 prope
959 1908 1160 1992 amphithea-

406 2023 497 2078 tram
511 2009 661 2074 Flavium
678 2021 792 2073 erecto
816 2027 911 2072 eausa
929 2011 1007 2074 victi
1025 2017 1157 2088 Maxen-

408 2113 463 2189 tii,
493 2125 527 2174 et
555 2111 756 2196 reipublicae
780 2109 849 2191 ejus
876 2124 964 2176 metu
989 2115 1157 2178 liberatae.

408 2213 536 2280 Verbat
569 2218 724 2298 instinctas
751 2219 943 2296 Dicinitntir
976 2237 1017 2280 ex
1043 2217 1159 2281 multo·

407 2339 480 2380 rnm
503 2315 859 2389 recentiorummeate
874 2317 914 2378 ad
932 2315 1158 2403 famigcratntn

407 2417 537 2481 «livinae
576 2417 683 2479 cineis
723 2420 983 2502 apparitionem,
1021 2421 1063 2485 de
1096 2443 1159 2506 qna

408 2523 583 2595 continuo,
607 2534 680 2582 sunt
699 2519 887 2592 referenda.

774 2625 792 2662 U

857 2673 876 2708 1

522 2791 525 2796 ,
546 2729 588 2786 Vr
604 2727 651 2785 tit.
664 2669 710 2789 Bi

292 2859 298 2876 ·
405 2829 524 2892 SPES.
543 2827 743 2894 etentes.
776 2832 929 2914 Serpens,
957 2835 1011 2894 ersi
1034 2835 1157 2916 insistit

404 2935 569 3006 tatarum,
592 2933 888 3012 cuisuperpositum
903 2945 1157 3016 estmonoyram·

402 3055 456 3098 mo
476 3037 603 3096 Christi.
625 3031 693 3116 Ali.
714 3035 769 3094 lll.
885 3063 887 3066 ·

469 3137 532 3198 Hic
550 3155 667 3218 namus
685 3147 789 3198 exstat
814 3135 899 3221 apud
916 3139 1091 3223 Ducangc,
1114 3159 1156 3202 ex

402 3259 468 3321 qno
499 3259 572 3301 cum
606 3237 790 3300 Bandntins
814 3241 939 3320 hausit,
970 3255 1037 3304 tum
1062 3243 1157 3307 Oise·

400 3337 480 3400 liam
514 3349 552 3422 ¹).
596 3341 765 3419 Simiiem,
810 3361 950 3428 eumque
981 3347 1156 3427 integerri-

400 3461 488 3503 mum
515 3441 583 3504 ridi
609 3442 640 3502 in
661 3441 783 3504 illustri
800 3463 914 3508 museo
932 3447 1090 3530 principis
1112 3447 1154 3510 dc

398 3541 563 3611 Waldeclt
593 3543 716 3626 scripto
745 3533 830 3608 infra
852 3547 998 3623 CONS„
1028 3551 1063 3613 iti
1086 3565 1153 3614 ests

397 3645 738 3724 CONStasstinopolis.
782 3647 948 3712 indicibus
981 3653 1153 3736 Ducangio

401 3760 436 3809 et
464 3745 592 3810 Oiselio
616 3745 736 3809 indicat
753 3746 807 3810 itio
831 3762 943 3834 typus,
975 3755 1007 3814 in
1035 3757 1156 3818 contri.

334 3909 338 3917 ,
376 3851 489 3913 ‘tione
517 3850 641 3914 veteris
665 3849 826 3932 serpentis
843 3875 905 3937 per
926 3876 1046 3920 nornen
1063 3860 1156 3923 chri.

396 3955 438 4016 sti
455 3973 542 4034 spero
557 3957 722 4034 pssbiieam
736 3958 928 4022 consistere.
973 3961 1028 4022 Me
1045 3930 1152 4024 etitem

398 4054 767 4140 commonefacit-ejus,
800 4059 888 4144 qnod
914 4077 1025 4127 narrat
1050 4067 1152 4130 Euse-

1216 1721 1287 1762 cam
1303 1721 1364 1761 sata
1380 1702 1469 1777 ipsos
1485 1703 1687 1779 impresserit.
1725 1699 1769 1760 Et
1787 1699 1891 1764 refert
1906 1703 1971 1764 So-
2104 1673 2105 1752 l

1218 1821 1376 1866 zomenns
1409 1799 1462 1885 d),
1503 1801 1749 1866 Corratantinum
1788 1803 1966 1888 imaginem

1216 1925 1307 1967 snam
1326 1925 1385 1968 seu
1406 1904 1439 1964 in
1465 1896 1578 1966 rtumis¹
1596 1921 1803 1990 expressam,
1833 1927 1891 1970 seu
1917 1910 1971 1996 pi·
2104 1943 2105 1948 κ

1217 2019 1302 2070 ctam
1334 2005 1367 2067 in
1399 2005 1516 2070 tabulis
1545 2007 1678 2089 jussisse
1700 2029 1832 2094 semper
1854 2009 1971 2076 ‹lirino

1217 2109 1324 2175 crucis
1342 2110 1437 2194 signo
1454 2111 1589 2174 inscribi
1604 2121 1637 2175 et
1654 2111 1850 2198 consignari.
1870 2114 1973 2178 Haec

1217 2215 1244 2277 si
1262 2212 1304 2275 de
1316 2213 1586 2297 consequentium
1606 2215 1838 2300 imperatorum
1858 2217 1974 2279 nornis

1218 2327 1329 2378 essent
1351 2312 1456 2393 ellari,
1479 2315 1633 2379 lubenter
1651 2337 1765 2380 eorum
1782 2315 1968 2382 sententiae

1217 2419 1422 2482 accederem.
1467 2419 1591 2486 Verum
1629 2435 1745 2484 excute
1777 2421 1969 2488 nniversam

1218 2521 1420 2586 Constantini
1453 2537 1635 2601 monetam,
1678 2545 1840 2608 nunqnam
1866 2525 1898 2586 in
1927 2543 1973 2586 ea

1214 2641 1269 2691 not
1297 2627 1419 2690 Christi
1452 2625 1646 2710 imaginem,
1684 2639 1738 2689 aut
1761 2626 1969 2692 Constantini

1215 2727 1360 2815 effigiem
1383 2749 1482 2793 cruce
1505 2729 1686 2810 insignem,
1708 2725 1878 2813 reperies,
1900 2727 1970 2792 nisi

1215 2831 1302 2893 sorte
1327 2831 1406 2895 boni
1427 2833 1480 2909 hi,
1510 2853 1547 2896 ac
1575 2831 1725 2916 religiosi
1749 2833 1811 2894 riri
1833 2833 1865 2894 in
1894 2853 1975 2906 mo·

1214 2935 1378 2998 nomentio
1408 2937 1459 2999 his
1497 2946 1613 2998 cruces
1653 2931 1767 2999 sidere
1804 2935 1969 3014 amabant,

1215 3055 1297 3121 quse
1328 3051 1382 3098 aut
1411 3057 1527 3101 crocos
1565 3058 1630 3100 non
1660 3037 1817 3118 fuorunt,
1843 3053 1898 3102 ant
1928 3053 1966 3102 ut

1215 3153 1329 3203 croces
1353 3141 1555 3205 Christianae
1584 3140 1867 3224 intelligerentur,
1898 3143 1966 3207 ltoc

1215 3241 1354 3307 consilio
1371 3245 1410 3306 ab
1428 3243 1606 3309 artificibus
1623 3245 1781 3309 formatae
1798 3265 1861 3307 non
1877 3259 1966 3306 sunt.

1214 3347 1348 3410 Constat
1365 3347 1473 3424 enim,
1495 3347 1558 3432 jam
1576 3362 1650 3410 ante
1660 3349 1862 3413 Constantini
1882 3362 1985 3411 tem·-

1212 3469 1292 3533 pora
1313 3449 1449 3535 cupidos
1471 3451 1633 3516 ccclesiae
1660 3465 1768 3535 patres
1790 3472 1844 3536 res
1868 3473 1970 3536 quna-

1212 3571 1340 3635 onnque
1370 3553 1404 3613 in
1436 3555 1542 3617 crucis
1571 3553 1708 3616 formam
1745 3556 1969 3622 convertisse.

1213 3655 1336 3716 Iustino
1352 3656 1485 3738 martyri
1510 3669 1543 3718 et
1560 3655 1758 3740 philosopho
1777 3676 1895 3718 eruces
1913 3655 1968 3721 stt·

1214 3777 1271 3822 erc
1310 3749 1449 3834 vexilla,
1494 3770 1527 3820 et
1568 3749 1719 3843 tropaea,
1756 3757 1964 3844 quibuscum,
2069 3818 2073 3834 ,

1212 3861 1336 3943 inquit,
1365 3881 1423 3926 vos
1453 3861 1593 3924 Romani
1634 3882 1767 3946 semper
1794 3863 1827 3924 in
1855 3861 1966 3947 publi·

1212 3983 1286 4026 cnm
1308 3963 1501 4047 proceditis,
1524 3985 1560 4028 no
1580 3965 1613 4026 in
1634 3965 1681 4028 cis
1704 3965 1805 4029 vestri
1828 3963 1963 4050 imperii

1212 4079 1245 4128 et
1266 4068 1436 4152 potestatis
1466 4066 1604 4150 insignia
1636 4067 1849 4156 constituitis,
1880 4065 1967 4130 licet

393 4159 466 4223 bins
504 4153 558 4244 ¹²),
590 4161 836 4226 Constantinum
869 4163 1000 4248 publice
1033 4189 1152 4254 propo·
1208 4165 1243 4228 id
1277 4168 1340 4253 ipsi
1374 4163 1441 4232 non
1477 4169 1663 4236 advertatis.
1718 4167 1825 4262 Q‘nin,
1857 4167 1968 4244 addit,

395 4263 501 4326 snisse
518 4263 663 4346 effigiem
691 4287 796 4342 suam,
820 4268 910 4351 eujus
935 4269 1031 4353 capiti
1047 4271 1152 4333 immi·

395 4365 495 4428 nebat
523 4367 664 4431 salutare
688 4369 835 4457 signum,
873 4386 905 4434 et
927 4375 988 4436 sub
1012 4373 1151 4460 pedibus

395 4481 467 4530 crat
482 4467 633 4534 diabolus
651 4471 803 4537 draconis
823 4475 939 4538 forma.

1210 4284 1243 4335 et
1275 4273 1485 4336 morientium
1517 4271 1602 4358 npnt'l
1632 4293 1691 4335 ros
1721 4267 1959 4357 imperatorum

1209 4373 1368 4459 imagines
1399 4377 1432 4440 in
1460 4377 1543 4444 hanc
1574 4375 1713 4438 sormam
1745 4375 1964 4452 consecratis,

1210 4499 1333 4564 eosque
1362 4479 1467 4544 literis
1497 4479 1663 4563 inscriptis
1697 4478 1869 4566 appellatis
1903 4475 1963 4540 tle·

391 4697 650 4860 d)e{1TEb·LL1}⁷·
672 4716 715 4762 11.
794 4705 861 4782 i)
882 4705 951 4770 vira
975 4711 1127 4774 Constant.
1148 4710 1178 4768 L.
1198 4713 1250 4772 111.
1271 4723 1380 4791 ceps
1502 4715 1532 4789 c)
1553 4713 1586 4774 in
1605 4708 1718 4794 Synod.
1738 4713 1778 4774 ad
1796 4711 1963 4789 Theophil-

530 4832 536 4846 .
585 4831 591 4847 .
632 4812 723 4872 .cnp.
744 4805 769 4859 Β.
