<?xml version="1.0" encoding="UTF-8"?>
<!DOCTYPE html PUBLIC "-//W3C//DTD XHTML 1.0 Transitional//EN"
    "http://www.w3.org/TR/xhtml1/DTD/xhtml1-transitional.dtd">
<html xmlns="http://www.w3.org/1999/xhtml" xml:lang="en" lang="en">
 <head>
  <title>
</title>
<meta http-equiv="Content-Type" content="text/html;charset=utf-8" />
  <meta name='ocr-system' content='tesseract 3.04.00' />
  <meta name='ocr-capabilities' content='ocr_page ocr_carea ocr_par ocr_line ocrx_word'/>
</head>
<body>
  <div class='ocr_page' id='page_1' title='image "./doctrinanumorum01hohlgoog/doctrinanumorum01hohlgoog_0628.png"; bbox 0 0 4226 5500; ppageno 0'>
   <div class='ocr_carea' id='block_1_1' title="bbox 512 597 1677 694">
    <p class='ocr_par' dir='ltr' id='par_1_1' title="bbox 512 597 1677 694">
     <span class='ocr_line' id='line_1_1' title="bbox 512 597 1677 694; baseline 0 -20"><span class='ocrx_word' id='word_1_1' title='bbox 512 669 514 674; x_wconf 83' lang='lat'><em>.</em></span> <span class='ocrx_word' id='word_1_2' title='bbox 560 599 638 676; x_wconf 81' lang='lat' dir='ltr'><strong>ao</strong></span> <span class='ocrx_word' id='word_1_3' title='bbox 673 597 962 677; x_wconf 80' lang='lat' dir='ltr'><strong>voovtrstr</strong></span> <span class='ocrx_word' id='word_1_4' title='bbox 999 599 1241 676; x_wconf 74' lang='lat' dir='ltr'><strong>rumve.</strong></span> <span class='ocrx_word' id='word_1_5' title='bbox 1634 628 1677 694; x_wconf 74' lang='lat'><strong>15</strong></span> 
     </span>
    </p>
   </div>
   <div class='ocr_carea' id='block_1_2' title="bbox 114 761 1716 4423">
    <p class='ocr_par' dir='ltr' id='par_1_2' title="bbox 114 761 1716 4423">
     <span class='ocr_line' id='line_1_2' title="bbox 121 761 1674 856; baseline 0.006 -21"><span class='ocrx_word' id='word_1_6' title='bbox 121 769 207 835; x_wconf 87' lang='lat' dir='ltr'><strong>mihi</strong></span> <span class='ocrx_word' id='word_1_7' title='bbox 226 769 342 838; x_wconf 79' lang='lat' dir='ltr'><strong>ridere</strong></span> <span class='ocrx_word' id='word_1_8' title='bbox 360 761 453 832; x_wconf 90' lang='lat' dir='ltr'><strong>licuit</strong></span> <span class='ocrx_word' id='word_1_9' title='bbox 473 769 663 835; x_wconf 66' lang='lat' dir='ltr'><strong>vnsetathesis</strong></span> <span class='ocrx_word' id='word_1_10' title='bbox 684 771 871 856; x_wconf 85' lang='lat' dir='ltr'><strong>exemplum</strong></span> <span class='ocrx_word' id='word_1_11' title='bbox 929 769 1035 834; x_wconf 87' lang='lat' dir='ltr'><strong>adhuc</strong></span> <span class='ocrx_word' id='word_1_12' title='bbox 1052 774 1149 856; x_wconf 85' lang='lat' dir='ltr'><strong>plane</strong></span> <span class='ocrx_word' id='word_1_13' title='bbox 1163 785 1217 838; x_wconf 87' lang='lat' dir='ltr'><strong>est</strong></span> <span class='ocrx_word' id='word_1_14' title='bbox 1234 771 1368 838; x_wconf 88' lang='lat' dir='ltr'><strong>incerta.</strong></span> <span class='ocrx_word' id='word_1_15' title='bbox 1396 773 1485 837; x_wconf 83' lang='lat' dir='ltr'><strong>Istud</strong></span> <span class='ocrx_word' id='word_1_16' title='bbox 1509 797 1608 842; x_wconf 87' lang='lat' dir='ltr'><strong>unum</strong></span> <span class='ocrx_word' id='word_1_17' title='bbox 1632 799 1674 844; x_wconf 86' lang='lat' dir='ltr'><strong>ex</strong></span> 
     </span>
     <span class='ocr_line' id='line_1_3' title="bbox 122 861 1675 962; baseline 0.005 -24"><span class='ocrx_word' id='word_1_18' title='bbox 122 875 257 962; x_wconf 86' lang='lat' dir='ltr'><strong>qualem</strong></span> <span class='ocrx_word' id='word_1_19' title='bbox 269 869 433 956; x_wconf 83' lang='lat' dir='ltr'><strong>suppetias</strong></span> <span class='ocrx_word' id='word_1_20' title='bbox 445 861 542 937; x_wconf 78' lang='lat' dir='ltr'><strong>vocat</strong></span> <span class='ocrx_word' id='word_1_21' title='bbox 553 871 711 938; x_wconf 88' lang='lat' dir='ltr'><strong>Sestiuns.</strong></span> <span class='ocrx_word' id='word_1_22' title='bbox 728 875 777 937; x_wconf 86' lang='lat' dir='ltr'><strong>Ea</strong></span> <span class='ocrx_word' id='word_1_23' title='bbox 793 872 872 936; x_wconf 83' lang='lat' dir='ltr'><strong>urbs</strong></span> <span class='ocrx_word' id='word_1_24' title='bbox 928 873 990 936; x_wconf 85' lang='lat' dir='ltr'><strong>hac</strong></span> <span class='ocrx_word' id='word_1_25' title='bbox 1016 873 1137 938; x_wconf 83' lang='lat' dir='ltr'><strong>Sestioi</strong></span> <span class='ocrx_word' id='word_1_26' title='bbox 1163 875 1388 960; x_wconf 76' lang='lat' dir='ltr'><strong>disquisitione</strong></span> <span class='ocrx_word' id='word_1_27' title='bbox 1409 877 1487 940; x_wconf 90' lang='lat' dir='ltr'><strong>boni</strong></span> <span class='ocrx_word' id='word_1_28' title='bbox 1509 883 1594 944; x_wconf 89' lang='lat' dir='ltr'><strong>nacti</strong></span> <span class='ocrx_word' id='word_1_29' title='bbox 1623 904 1675 946; x_wconf 91' lang='lat' dir='ltr'><strong>su-</strong></span> 
     </span>
     <span class='ocr_line' id='line_1_4' title="bbox 123 973 1674 1060; baseline 0.004 -20"><span class='ocrx_word' id='word_1_30' title='bbox 123 999 143 1040; x_wconf 87' lang='lat' dir='ltr'><strong>a</strong></span> <span class='ocrx_word' id='word_1_31' title='bbox 175 975 312 1039; x_wconf 87' lang='lat' dir='ltr'><strong>Graecis</strong></span> <span class='ocrx_word' id='word_1_32' title='bbox 341 973 554 1056; x_wconf 66' lang='lat' dir='ltr'><strong>scriptoribus</strong></span> <span class='ocrx_word' id='word_1_33' title='bbox 573 981 578 996; x_wconf 82' lang='lat'>&#39;</span> <span class='ocrx_word' id='word_1_34' title='bbox 594 989 709 1040; x_wconf 84' lang='lat' dir='ltr'><strong>vocata</strong></span> <span class='ocrx_word' id='word_1_35' title='bbox 740 983 885 1060; x_wconf 80' lang='lat' dir='ltr'><strong>semper&#39;</strong></span> <span class='ocrx_word' id='word_1_36' title='bbox 929 996 1020 1053; x_wconf 85' lang='lat' dir='ltr'><strong>mus,</strong></span> <span class='ocrx_word' id='word_1_37' title='bbox 1045 977 1133 1058; x_wconf 84' lang='lat' dir='ltr'><strong>quod</strong></span> <span class='ocrx_word' id='word_1_38' title='bbox 1154 999 1214 1042; x_wconf 89' lang='lat' dir='ltr'><strong>nos</strong></span> <span class='ocrx_word' id='word_1_39' title='bbox 1235 977 1354 1042; x_wconf 84' lang='lat' dir='ltr'><strong>eodem</strong></span> <span class='ocrx_word' id='word_1_40' title='bbox 1380 979 1540 1044; x_wconf 88' lang='lat' dir='ltr'><strong>hocloco</strong></span> <span class='ocrx_word' id='word_1_41' title='bbox 1565 997 1674 1050; x_wconf 84' lang='lat' dir='ltr'><strong>certos</strong></span> 
     </span>
     <span class='ocr_line' id='line_1_5' title="bbox 120 1075 1676 1171; baseline 0.004 -31"><span class='ocrx_word' id='word_1_42' title='bbox 120 1079 349 1153; x_wconf 68' lang='lat' dir='ltr'><strong>ruitantes,</strong></span> <span class='ocrx_word' id='word_1_43' title='bbox 376 1075 481 1139; x_wconf 88' lang='lat' dir='ltr'><strong>rarius</strong></span> <span class='ocrx_word' id='word_1_44' title='bbox 498 1079 651 1142; x_wconf 70' lang='lat' dir='ltr'><strong>Acasto».</strong></span> <span class='ocrx_word' id='word_1_45' title='bbox 682 1076 770 1171; x_wconf 83' lang='lat' dir='ltr'><strong>Quid</strong></span> <span class='ocrx_word' id='word_1_46' title='bbox 784 1077 871 1162; x_wconf 91' lang='lat' dir='ltr'><strong>quod</strong></span> <span class='ocrx_word' id='word_1_47' title='bbox 929 1077 1083 1155; x_wconf 80' lang='lat' dir='ltr'><strong>reddidit,</strong></span> <span class='ocrx_word' id='word_1_48' title='bbox 1100 1100 1242 1157; x_wconf 82' lang='lat' dir='ltr'><strong>numum,</strong></span> <span class='ocrx_word' id='word_1_49' title='bbox 1258 1100 1355 1165; x_wconf 88' lang='lat' dir='ltr'><strong>quem</strong></span> <span class='ocrx_word' id='word_1_50' title='bbox 1372 1080 1451 1146; x_wconf 88' lang='lat' dir='ltr'><strong>elim</strong></span> <span class='ocrx_word' id='word_1_51' title='bbox 1467 1083 1569 1150; x_wconf 81' lang='lat' dir='ltr'><strong>edidit</strong></span> <span class='ocrx_word' id='word_1_52' title='bbox 1584 1087 1676 1167; x_wconf 66' lang='lat' dir='ltr'><strong>(het¹</strong></span> 
     </span>
     <span class='ocr_line' id='line_1_6' title="bbox 121 1177 1675 1270; baseline 0.003 -26"><span class='ocrx_word' id='word_1_53' title='bbox 121 1181 219 1244; x_wconf 84' lang='lat' dir='ltr'><strong>nullo</strong></span> <span class='ocrx_word' id='word_1_54' title='bbox 235 1191 369 1242; x_wconf 87' lang='lat' dir='ltr'><strong>auctore</strong></span> <span class='ocrx_word' id='word_1_55' title='bbox 390 1190 535 1256; x_wconf 88' lang='lat' dir='ltr'><strong>constet,</strong></span> <span class='ocrx_word' id='word_1_56' title='bbox 552 1178 709 1243; x_wconf 84' lang='lat' dir='ltr'><strong>Asculum</strong></span> <span class='ocrx_word' id='word_1_57' title='bbox 722 1179 810 1242; x_wconf 89' lang='lat' dir='ltr'><strong>istud</strong></span> <span class='ocrx_word' id='word_1_58' title='bbox 825 1180 873 1241; x_wconf 88' lang='lat' dir='ltr'><strong>in·</strong></span> <span class='ocrx_word' id='word_1_59' title='bbox 928 1193 1001 1243; x_wconf 90' lang='lat' dir='ltr'><strong>tere</strong></span> <span class='ocrx_word' id='word_1_60' title='bbox 1028 1183 1066 1242; x_wconf 88' lang='grc' dir='ltr'><strong>Τ.</strong></span> <span class='ocrx_word' id='word_1_61' title='bbox 1084 1183 1124 1245; x_wconf 88' lang='grc' dir='ltr'><strong>Π.</strong></span> <span class='ocrx_word' id='word_1_62' title='bbox 1148 1203 1179 1265; x_wconf 89' lang='lat' dir='ltr'><strong>p.</strong></span> <span class='ocrx_word' id='word_1_63' title='bbox 1195 1183 1249 1266; x_wconf 85' lang='lat'><strong>3),</strong></span> <span class='ocrx_word' id='word_1_64' title='bbox 1276 1177 1366 1244; x_wconf 85' lang='lat' dir='ltr'><strong>etin</strong></span> <span class='ocrx_word' id='word_1_65' title='bbox 1387 1203 1452 1268; x_wconf 87' lang='lat' dir='ltr'><strong>quo</strong></span> <span class='ocrx_word' id='word_1_66' title='bbox 1473 1184 1590 1270; x_wconf 89' lang='lat' dir='ltr'><strong>legere</strong></span> <span class='ocrx_word' id='word_1_67' title='bbox 1612 1187 1675 1250; x_wconf 86' lang='lat' dir='ltr'><strong>sibi</strong></span> 
     </span>
     <span class='ocr_line' id='line_1_7' title="bbox 123 1278 1672 1373; baseline 0.004 -27"><span class='ocrx_word' id='word_1_68' title='bbox 123 1283 215 1346; x_wconf 85' lang='lat' dir='ltr'><strong>colas</strong></span> <span class='ocrx_word' id='word_1_69' title='bbox 237 1281 388 1344; x_wconf 85' lang='lat' dir='ltr'><strong>hahuisse</strong></span> <span class='ocrx_word' id='word_1_70' title='bbox 414 1278 582 1358; x_wconf 82' lang='lat' dir='ltr'><strong>Graecos,</strong></span> <span class='ocrx_word' id='word_1_71' title='bbox 615 1301 695 1365; x_wconf 84' lang='lat' dir='ltr'><strong>quos</strong></span> <span class='ocrx_word' id='word_1_72' title='bbox 722 1283 871 1346; x_wconf 81' lang='lat' dir='ltr'><strong>norimus</strong></span> <span class='ocrx_word' id='word_1_73' title='bbox 928 1281 1016 1347; x_wconf 86' lang='lat' dir='ltr'><strong>risus</strong></span> <span class='ocrx_word' id='word_1_74' title='bbox 1036 1295 1086 1345; x_wconf 89' lang='lat' dir='ltr'><strong>est</strong></span> <span class='ocrx_word' id='word_1_75' title='bbox 1102 1279 1402 1362; x_wconf 78' lang='lat' dir='ltr'><strong>ATPTNKssM,</strong></span> <span class='ocrx_word' id='word_1_76' title='bbox 1425 1284 1520 1368; x_wconf 82' lang='lat' dir='ltr'><strong>hujus</strong></span> <span class='ocrx_word' id='word_1_77' title='bbox 1543 1309 1672 1373; x_wconf 87' lang='lat' dir='ltr'><strong>quoquc</strong></span> 
     </span>
     <span class='ocr_line' id='line_1_8' title="bbox 120 1381 1675 1464; baseline 0.006 -19"><span class='ocrx_word' id='word_1_78' title='bbox 120 1385 199 1448; x_wconf 88' lang='lat' dir='ltr'><strong>loca</strong></span> <span class='ocrx_word' id='word_1_79' title='bbox 215 1397 339 1446; x_wconf 88' lang='lat' dir='ltr'><strong>tantum</strong></span> <span class='ocrx_word' id='word_1_80' title='bbox 355 1382 437 1446; x_wconf 90' lang='lat' dir='ltr'><strong>mari</strong></span> <span class='ocrx_word' id='word_1_81' title='bbox 459 1381 576 1458; x_wconf 79' lang='lat' dir='ltr'><strong>adsita,</strong></span> <span class='ocrx_word' id='word_1_82' title='bbox 600 1395 654 1446; x_wconf 91' lang='lat' dir='ltr'><strong>aut</strong></span> <span class='ocrx_word' id='word_1_83' title='bbox 669 1383 709 1448; x_wconf 91' lang='lat' dir='ltr'><strong>ab</strong></span> <span class='ocrx_word' id='word_1_84' title='bbox 727 1386 791 1450; x_wconf 89' lang='lat' dir='ltr'><strong>hec</strong></span> <span class='ocrx_word' id='word_1_85' title='bbox 805 1407 871 1448; x_wconf 88' lang='lat' dir='ltr'><strong>non</strong></span> <span class='ocrx_word' id='word_1_86' title='bbox 927 1383 1035 1449; x_wconf 83' lang='lat' dir='ltr'><strong>rideri</strong></span> <span class='ocrx_word' id='word_1_87' title='bbox 1060 1403 1132 1448; x_wconf 84' lang='lat' dir='ltr'><strong>esse</strong></span> <span class='ocrx_word' id='word_1_88' title='bbox 1154 1386 1286 1464; x_wconf 85' lang='lat' dir='ltr'><strong>Asculi,</strong></span> <span class='ocrx_word' id='word_1_89' title='bbox 1311 1403 1378 1450; x_wconf 83' lang='lat' dir='ltr'><strong>nen</strong></span> <span class='ocrx_word' id='word_1_90' title='bbox 1400 1405 1482 1452; x_wconf 82' lang='lat' dir='ltr'><strong>vcro</strong></span> <span class='ocrx_word' id='word_1_91' title='bbox 1506 1389 1675 1456; x_wconf 80' lang='lat' dir='ltr'><strong>Aurunco·</strong></span> 
     </span>
     <span class='ocr_line' id='line_1_9' title="bbox 114 1482 1255 1571; baseline -0.001 -22"><span class='ocrx_word' id='word_1_92' title='bbox 114 1485 222 1552; x_wconf 65' lang='lat' dir='ltr'><strong>ualde</strong></span> <span class='ocrx_word' id='word_1_93' title='bbox 240 1485 388 1548; x_wconf 70' lang='lat' dir='ltr'><strong>distantia</strong></span> <span class='ocrx_word' id='word_1_94' title='bbox 410 1483 444 1544; x_wconf 91' lang='lat' dir='ltr'><strong>in</strong></span> <span class='ocrx_word' id='word_1_95' title='bbox 459 1482 524 1547; x_wconf 90' lang='lat' dir='ltr'><strong>hoc</strong></span> <span class='ocrx_word' id='word_1_96' title='bbox 538 1484 648 1548; x_wconf 87' lang='lat' dir='ltr'><strong>ltaliae</strong></span> <span class='ocrx_word' id='word_1_97' title='bbox 665 1499 769 1550; x_wconf 88' lang='lat' dir='ltr'><strong>tractu</strong></span> <span class='ocrx_word' id='word_1_98' title='bbox 787 1487 873 1550; x_wconf 89' lang='lat' dir='ltr'><strong>inse·</strong></span> <span class='ocrx_word' id='word_1_99' title='bbox 929 1507 1003 1550; x_wconf 81' lang='lat' dir='ltr'><strong>rum</strong></span> <span class='ocrx_word' id='word_1_100' title='bbox 1020 1486 1106 1550; x_wconf 82' lang='lat' dir='ltr'><strong>Latii</strong></span> <span class='ocrx_word' id='word_1_101' title='bbox 1121 1487 1162 1571; x_wconf 81' lang='lat'><strong>⁸).</strong></span> <span class='ocrx_word' id='word_1_102' title='bbox 1253 1489 1255 1492; x_wconf 80' lang='grc'><strong>’</strong></span> 
     </span>
     <span class='ocr_line' id='line_1_10' title="bbox 123 1584 873 1671; baseline -0.003 -19"><span class='ocrx_word' id='word_1_103' title='bbox 123 1591 231 1666; x_wconf 90' lang='lat' dir='ltr'><strong>disse,</strong></span> <span class='ocrx_word' id='word_1_104' title='bbox 250 1587 381 1671; x_wconf 89' lang='lat' dir='ltr'><strong>populis</strong></span> <span class='ocrx_word' id='word_1_105' title='bbox 403 1584 499 1668; x_wconf 87' lang='lat' dir='ltr'><strong>hujus</strong></span> <span class='ocrx_word' id='word_1_106' title='bbox 521 1585 659 1652; x_wconf 69' lang='lat' dir='ltr'><strong>dcinise</strong></span> <span class='ocrx_word' id='word_1_107' title='bbox 681 1585 873 1650; x_wconf 86' lang='lat' dir='ltr'><strong>mediterra-</strong></span> 
     </span>
     <span class='ocr_line' id='line_1_11' title="bbox 123 1673 1363 1773; baseline -0.005 -19"><span class='ocrx_word' id='word_1_108' title='bbox 123 1691 198 1756; x_wconf 85' lang='lat' dir='ltr'><strong>neis</strong></span> <span class='ocrx_word' id='word_1_109' title='bbox 216 1690 377 1773; x_wconf 86' lang='lat' dir='ltr'><strong>scriptura</strong></span> <span class='ocrx_word' id='word_1_110' title='bbox 391 1687 447 1750; x_wconf 80' lang='lat' dir='ltr'><strong>rel</strong></span> <span class='ocrx_word' id='word_1_111' title='bbox 464 1687 602 1767; x_wconf 84' lang='lat' dir='ltr'><strong>Latina,</strong></span> <span class='ocrx_word' id='word_1_112' title='bbox 623 1691 677 1754; x_wconf 83' lang='lat' dir='ltr'><strong>rel</strong></span> <span class='ocrx_word' id='word_1_113' title='bbox 697 1688 808 1772; x_wconf 82' lang='lat' dir='ltr'><strong>Osca,</strong></span> <span class='ocrx_word' id='word_1_114' title='bbox 820 1690 873 1754; x_wconf 87' lang='lat' dir='ltr'><strong>rel</strong></span> <span class='ocrx_word' id='word_1_115' title='bbox 1238 1673 1276 1735; x_wconf 83' lang='grc' dir='ltr'><strong>Ρ·</strong></span> <span class='ocrx_word' id='word_1_116' title='bbox 1294 1679 1363 1749; x_wconf 89' lang='grc'>144·</span> 
     </span>
     <span class='ocr_line' id='line_1_12' title="bbox 124 1788 1674 1880; baseline 0.001 -24"><span class='ocrx_word' id='word_1_117' title='bbox 124 1791 322 1867; x_wconf 85' lang='lat' dir='ltr'><strong>Samnitica,</strong></span> <span class='ocrx_word' id='word_1_118' title='bbox 341 1789 397 1855; x_wconf 82' lang='lat' dir='ltr'><strong>rel</strong></span> <span class='ocrx_word' id='word_1_119' title='bbox 416 1788 709 1874; x_wconf 79' lang='lat' dir='ltr'><strong>quomodocunque</strong></span> <span class='ocrx_word' id='word_1_120' title='bbox 726 1790 872 1854; x_wconf 78' lang='lat' dir='ltr'><strong>mixtain</strong></span> <span class='ocrx_word' id='word_1_121' title='bbox 988 1788 1030 1851; x_wconf 88' lang='lat' dir='ltr'><strong>·Si</strong></span> <span class='ocrx_word' id='word_1_122' title='bbox 1052 1807 1167 1854; x_wconf 86' lang='lat' dir='ltr'><strong>rerum</strong></span> <span class='ocrx_word' id='word_1_123' title='bbox 1192 1803 1261 1868; x_wconf 88' lang='lat' dir='ltr'><strong>est,</strong></span> <span class='ocrx_word' id='word_1_124' title='bbox 1287 1791 1382 1876; x_wconf 87' lang='lat' dir='ltr'><strong>quod</strong></span> <span class='ocrx_word' id='word_1_125' title='bbox 1403 1793 1552 1858; x_wconf 82' lang='lat' dir='ltr'><strong>nonnulli</strong></span> <span class='ocrx_word' id='word_1_126' title='bbox 1570 1795 1674 1880; x_wconf 86' lang='lat' dir='ltr'><strong>conji-</strong></span> 
     </span>
     <span class='ocr_line' id='line_1_13' title="bbox 124 1889 1686 1976; baseline -0.001 -18"><span class='ocrx_word' id='word_1_127' title='bbox 124 1907 258 1958; x_wconf 84' lang='lat' dir='ltr'><strong>monets</strong></span> <span class='ocrx_word' id='word_1_128' title='bbox 275 1914 332 1955; x_wconf 88' lang='lat' dir='ltr'><strong>sua</strong></span> <span class='ocrx_word' id='word_1_129' title='bbox 346 1891 423 1956; x_wconf 89' lang='lat' dir='ltr'><strong>usis.</strong></span> <span class='ocrx_word' id='word_1_130' title='bbox 446 1890 597 1976; x_wconf 88' lang='lat' dir='ltr'><strong>Denique</strong></span> <span class='ocrx_word' id='word_1_131' title='bbox 612 1891 733 1956; x_wconf 78' lang='lat' dir='ltr'><strong>frustra</strong></span> <span class='ocrx_word' id='word_1_132' title='bbox 750 1891 872 1956; x_wconf 88' lang='lat' dir='ltr'><strong>adscri-</strong></span> <span class='ocrx_word' id='word_1_133' title='bbox 929 1889 1028 1968; x_wconf 88' lang='lat' dir='ltr'><strong>ciunt,</strong></span> <span class='ocrx_word' id='word_1_134' title='bbox 1041 1892 1140 1954; x_wconf 89' lang='lat' dir='ltr'><strong>simili</strong></span> <span class='ocrx_word' id='word_1_135' title='bbox 1154 1905 1231 1976; x_wconf 87' lang='lat' dir='ltr'><strong>typo</strong></span> <span class='ocrx_word' id='word_1_136' title='bbox 1246 1893 1280 1954; x_wconf 92' lang='lat' dir='ltr'><strong>in</strong></span> <span class='ocrx_word' id='word_1_137' title='bbox 1294 1893 1401 1956; x_wconf 86' lang='lat' dir='ltr'><strong>numia</strong></span> <span class='ocrx_word' id='word_1_138' title='bbox 1420 1897 1686 1961; x_wconf 73' lang='lat' dir='ltr'><strong>Tarentinorum</strong></span> 
     </span>
     <span class='ocr_line' id='line_1_14' title="bbox 122 1993 1674 2081; baseline 0.001 -20"><span class='ocrx_word' id='word_1_139' title='bbox 122 2013 201 2075; x_wconf 87' lang='lat' dir='ltr'><strong>tur,</strong></span> <span class='ocrx_word' id='word_1_140' title='bbox 219 2015 353 2059; x_wconf 86' lang='lat' dir='ltr'><strong>numum</strong></span> <span class='ocrx_word' id='word_1_141' title='bbox 366 1993 452 2056; x_wconf 91' lang='lat' dir='ltr'><strong>hunc</strong></span> <span class='ocrx_word' id='word_1_142' title='bbox 473 1993 547 2076; x_wconf 89' lang='lat' dir='ltr'><strong>regi</strong></span> <span class='ocrx_word' id='word_1_143' title='bbox 567 1993 696 2075; x_wconf 87' lang='lat' dir='ltr'><strong>Pyrrhe</strong></span> <span class='ocrx_word' id='word_1_144' title='bbox 714 2015 870 2062; x_wconf 84' lang='lat' dir='ltr'><strong>coaevum</strong></span> <span class='ocrx_word' id='word_1_145' title='bbox 926 1994 1068 2076; x_wconf 88' lang='lat' dir='ltr'><strong>proponi</strong></span> <span class='ocrx_word' id='word_1_146' title='bbox 1082 1995 1298 2058; x_wconf 80' lang='lat' dir='ltr'><strong>Phalanthum</strong></span> <span class='ocrx_word' id='word_1_147' title='bbox 1316 1995 1525 2081; x_wconf 85' lang='lat' dir='ltr'><strong>Spartanum,</strong></span> <span class='ocrx_word' id='word_1_148' title='bbox 1544 2012 1580 2062; x_wconf 91' lang='lat' dir='ltr'><strong>ut</strong></span> <span class='ocrx_word' id='word_1_149' title='bbox 1597 2019 1674 2064; x_wconf 83' lang='lat' dir='ltr'><strong>mox</strong></span> 
     </span>
     <span class='ocr_line' id='line_1_15' title="bbox 124 2092 1675 2183; baseline 0.003 -22"><span class='ocrx_word' id='word_1_150' title='bbox 124 2121 201 2164; x_wconf 83' lang='lat' dir='ltr'><strong>esse</strong></span> <span class='ocrx_word' id='word_1_151' title='bbox 222 2119 340 2183; x_wconf 88' lang='lat' dir='ltr'><strong>posse,</strong></span> <span class='ocrx_word' id='word_1_152' title='bbox 360 2097 451 2179; x_wconf 82' lang='lat' dir='ltr'><strong>eujus</strong></span> <span class='ocrx_word' id='word_1_153' title='bbox 471 2108 576 2158; x_wconf 87' lang='lat' dir='ltr'><strong>aetate</strong></span> <span class='ocrx_word' id='word_1_154' title='bbox 604 2094 713 2158; x_wconf 89' lang='lat' dir='ltr'><strong>nullus</strong></span> <span class='ocrx_word' id='word_1_155' title='bbox 733 2097 870 2182; x_wconf 88' lang='lat' dir='ltr'><strong>amplius</strong></span> <span class='ocrx_word' id='word_1_156' title='bbox 927 2092 1012 2157; x_wconf 80' lang='lat' dir='ltr'><strong>infra</strong></span> <span class='ocrx_word' id='word_1_157' title='bbox 1031 2095 1065 2156; x_wconf 90' lang='lat' dir='ltr'><strong>in</strong></span> <span class='ocrx_word' id='word_1_158' title='bbox 1081 2095 1132 2158; x_wconf 91' lang='lat' dir='ltr'><strong>his</strong></span> <span class='ocrx_word' id='word_1_159' title='bbox 1155 2093 1360 2175; x_wconf 77' lang='lat' dir='ltr'><strong>docebimus,</strong></span> <span class='ocrx_word' id='word_1_160' title='bbox 1388 2099 1486 2163; x_wconf 80' lang='lat' dir='ltr'><strong>facile</strong></span> <span class='ocrx_word' id='word_1_161' title='bbox 1508 2099 1675 2179; x_wconf 85' lang='lat' dir='ltr'><strong>dabimus,</strong></span> 
     </span>
     <span class='ocr_line' id='line_1_16' title="bbox 122 2193 1674 2288; baseline 0.002 -23"><span class='ocrx_word' id='word_1_162' title='bbox 122 2201 187 2265; x_wconf 83' lang='lat' dir='ltr'><strong>suit</strong></span> <span class='ocrx_word' id='word_1_163' title='bbox 202 2223 280 2264; x_wconf 87' lang='lat' dir='ltr'><strong>usus</strong></span> <span class='ocrx_word' id='word_1_164' title='bbox 296 2199 369 2280; x_wconf 85' lang='lat' dir='ltr'><strong>ejus</strong></span> <span class='ocrx_word' id='word_1_165' title='bbox 387 2197 697 2281; x_wconf 85' lang='lat' dir='ltr'><strong>scripturae,·quam</strong></span> <span class='ocrx_word' id='word_1_166' title='bbox 716 2195 776 2262; x_wconf 82' lang='lat' dir='ltr'><strong>nes</strong></span> <span class='ocrx_word' id='word_1_167' title='bbox 797 2220 872 2283; x_wconf 85' lang='lat' dir='ltr'><strong>pcr-</strong></span> <span class='ocrx_word' id='word_1_168' title='bbox 929 2193 1044 2261; x_wconf 84' lang='lat' dir='ltr'><strong>eadem</strong></span> <span class='ocrx_word' id='word_1_169' title='bbox 1065 2199 1209 2282; x_wconf 77' lang='lat' dir='ltr'><strong>imagine</strong></span> <span class='ocrx_word' id='word_1_170' title='bbox 1233 2199 1267 2260; x_wconf 92' lang='lat' dir='ltr'><strong>iu</strong></span> <span class='ocrx_word' id='word_1_171' title='bbox 1287 2199 1570 2264; x_wconf 80' lang='lat' dir='ltr'><strong>Brundusinorum</strong></span> <span class='ocrx_word' id='word_1_172' title='bbox 1594 2223 1674 2288; x_wconf 84' lang='lat' dir='ltr'><strong>qao·</strong></span> 
     </span>
     <span class='ocr_line' id='line_1_17' title="bbox 120 2299 1682 2384; baseline 0 -18"><span class='ocrx_word' id='word_1_173' title='bbox 120 2315 284 2367; x_wconf 78' lang='lat' dir='ltr'><strong>vetustam</strong></span> <span class='ocrx_word' id='word_1_174' title='bbox 305 2300 464 2363; x_wconf 85' lang='lat' dir='ltr'><strong>Graecam</strong></span> <span class='ocrx_word' id='word_1_175' title='bbox 481 2311 648 2365; x_wconf 72' lang='lat' dir='ltr'><strong>&#39;vocamus</strong></span> <span class='ocrx_word' id='word_1_176' title='bbox 671 2301 769 2383; x_wconf 84' lang='lat' dir='ltr'><strong>Cujus</strong></span> <span class='ocrx_word' id='word_1_177' title='bbox 793 2302 872 2364; x_wconf 87' lang='lat' dir='ltr'><strong>alte·</strong></span> <span class='ocrx_word' id='word_1_178' title='bbox 929 2319 993 2384; x_wconf 89' lang='lat' dir='ltr'><strong>que</strong></span> <span class='ocrx_word' id='word_1_179' title='bbox 1018 2315 1150 2364; x_wconf 81' lang='lat' dir='ltr'><strong>moneta</strong></span> <span class='ocrx_word' id='word_1_180' title='bbox 1172 2299 1318 2364; x_wconf 80' lang='lat' dir='ltr'><strong>effictum</strong></span> <span class='ocrx_word' id='word_1_181' title='bbox 1342 2300 1576 2384; x_wconf 69' lang='lat' dir='ltr'><strong>Phalanthumq</strong></span> <span class='ocrx_word' id='word_1_182' title='bbox 1599 2325 1682 2368; x_wconf 83' lang='lat' dir='ltr'><strong>nom.</strong></span> 
     </span>
     <span class='ocr_line' id='line_1_18' title="bbox 119 2401 1711 2488; baseline 0.003 -22"><span class='ocrx_word' id='word_1_183' title='bbox 119 2405 192 2467; x_wconf 85' lang='lat' dir='ltr'><strong>rius</strong></span> <span class='ocrx_word' id='word_1_184' title='bbox 214 2402 303 2465; x_wconf 88' lang='lat' dir='ltr'><strong>urbis</strong></span> <span class='ocrx_word' id='word_1_185' title='bbox 320 2421 393 2465; x_wconf 86' lang='lat' dir='ltr'><strong>esse</strong></span> <span class='ocrx_word' id='word_1_186' title='bbox 410 2402 464 2466; x_wconf 91' lang='lat' dir='ltr'><strong>hic</strong></span> <span class='ocrx_word' id='word_1_187' title='bbox 481 2423 597 2464; x_wconf 89' lang='lat' dir='ltr'><strong>numus</strong></span> <span class='ocrx_word' id='word_1_188' title='bbox 613 2402 726 2487; x_wconf 80' lang='lat' dir='ltr'><strong>possit,</strong></span> <span class='ocrx_word' id='word_1_189' title='bbox 741 2403 882 2486; x_wconf 89' lang='lat' dir='ltr'><strong>ignoro.&#39;</strong></span> <span class='ocrx_word' id='word_1_190' title='bbox 927 2401 983 2464; x_wconf 93' lang='lat' dir='ltr'><strong>hic</strong></span> <span class='ocrx_word' id='word_1_191' title='bbox 998 2415 1083 2465; x_wconf 88' lang='lat' dir='ltr'><strong>teste</strong></span> <span class='ocrx_word' id='word_1_192' title='bbox 1101 2402 1223 2465; x_wconf 88' lang='lat' dir='ltr'><strong>lustiuo</strong></span> <span class='ocrx_word' id='word_1_193' title='bbox 1241 2403 1297 2484; x_wconf 85' lang='lat' dir='ltr'><strong>(L.</strong></span> <span class='ocrx_word' id='word_1_194' title='bbox 1311 2403 1365 2466; x_wconf 90' lang='lat'>111.</span> <span class='ocrx_word' id='word_1_195' title='bbox 1380 2404 1454 2486; x_wconf 66' lang='lat' dir='ltr'><strong>etp)</strong></span> <span class='ocrx_word' id='word_1_196' title='bbox 1468 2425 1530 2488; x_wconf 91' lang='lat' dir='ltr'><strong>per</strong></span> <span class='ocrx_word' id='word_1_197' title='bbox 1545 2405 1676 2472; x_wconf 87' lang='lat' dir='ltr'><strong>seditio·</strong></span> <span class='ocrx_word' id='word_1_198' title='bbox 1708 2403 1711 2410; x_wconf 77' lang='lat'>&#39;</span> 
     </span>
     <span class='ocr_line' id='line_1_19' title="bbox 121 2502 1673 2590; baseline 0.001 -22"><span class='ocrx_word' id='word_1_199' title='bbox 121 2504 216 2568; x_wconf 88' lang='lat' dir='ltr'><strong>Istud</strong></span> <span class='ocrx_word' id='word_1_200' title='bbox 230 2519 352 2570; x_wconf 78' lang='lat' dir='ltr'><strong>mutum</strong></span> <span class='ocrx_word' id='word_1_201' title='bbox 365 2503 471 2568; x_wconf 86' lang='lat' dir='ltr'><strong>audeo</strong></span> <span class='ocrx_word' id='word_1_202' title='bbox 481 2502 669 2580; x_wconf 87' lang='lat' dir='ltr'><strong>adfirmare,</strong></span> <span class='ocrx_word' id='word_1_203' title='bbox 687 2503 799 2567; x_wconf 81' lang='lat' dir='ltr'><strong>Asculi</strong></span> <span class='ocrx_word' id='word_1_204' title='bbox 814 2525 872 2568; x_wconf 92' lang='lat' dir='ltr'><strong>no·</strong></span> <span class='ocrx_word' id='word_1_205' title='bbox 929 2522 1004 2564; x_wconf 85' lang='lat' dir='ltr'><strong>nem</strong></span> <span class='ocrx_word' id='word_1_206' title='bbox 1020 2525 1038 2565; x_wconf 91' lang='lat' dir='ltr'><strong>a</strong></span> <span class='ocrx_word' id='word_1_207' title='bbox 1054 2504 1239 2568; x_wconf 76' lang='lat' dir='ltr'><strong>Tarentinis</strong></span> <span class='ocrx_word' id='word_1_208' title='bbox 1259 2504 1293 2566; x_wconf 90' lang='lat' dir='ltr'><strong>iu</strong></span> <span class='ocrx_word' id='word_1_209' title='bbox 1314 2503 1449 2568; x_wconf 83' lang='lat' dir='ltr'><strong>exilium</strong></span> <span class='ocrx_word' id='word_1_210' title='bbox 1465 2508 1673 2590; x_wconf 86' lang='lat' dir='ltr'><strong>proturbatus</strong></span> 
     </span>
     <span class='ocr_line' id='line_1_20' title="bbox 120 2603 1369 2691; baseline 0 -21"><span class='ocrx_word' id='word_1_211' title='bbox 120 2629 201 2672; x_wconf 88' lang='lat' dir='ltr'><strong>men</strong></span> <span class='ocrx_word' id='word_1_212' title='bbox 226 2629 268 2671; x_wconf 84' lang='lat' dir='ltr'><strong>ex</strong></span> <span class='ocrx_word' id='word_1_213' title='bbox 293 2606 493 2691; x_wconf 82' lang='lat' dir='ltr'><strong>epigraphe,</strong></span> <span class='ocrx_word' id='word_1_214' title='bbox 525 2627 620 2690; x_wconf 90' lang='lat' dir='ltr'><strong>quam</strong></span> <span class='ocrx_word' id='word_1_215' title='bbox 652 2605 747 2668; x_wconf 88' lang='lat' dir='ltr'><strong>nobis</strong></span> <span class='ocrx_word' id='word_1_216' title='bbox 782 2605 873 2670; x_wconf 84' lang='lat' dir='ltr'><strong>dedit</strong></span> <span class='ocrx_word' id='word_1_217' title='bbox 928 2603 1149 2670; x_wconf 82' lang='lat' dir='ltr'><strong>Brundusium</strong></span> <span class='ocrx_word' id='word_1_218' title='bbox 1167 2627 1203 2670; x_wconf 88' lang='lat' dir='ltr'><strong>ae</strong></span> <span class='ocrx_word' id='word_1_219' title='bbox 1220 2606 1369 2676; x_wconf 81' lang='lat' dir='ltr'><strong>contulit.</strong></span> 
     </span>
     <span class='ocr_line' id='line_1_21' title="bbox 121 2704 874 2790; baseline -0.004 -16"><span class='ocrx_word' id='word_1_220' title='bbox 121 2723 254 2788; x_wconf 87' lang='lat' dir='ltr'><strong>auctor,</strong></span> <span class='ocrx_word' id='word_1_221' title='bbox 274 2711 346 2773; x_wconf 87' lang='lat' dir='ltr'><strong>erui</strong></span> <span class='ocrx_word' id='word_1_222' title='bbox 368 2731 434 2774; x_wconf 87' lang='lat' dir='ltr'><strong>eon</strong></span> <span class='ocrx_word' id='word_1_223' title='bbox 456 2726 564 2790; x_wconf 79' lang='lat' dir='ltr'><strong>posse.</strong></span> <span class='ocrx_word' id='word_1_224' title='bbox 587 2704 710 2769; x_wconf 86' lang='lat' dir='ltr'><strong>Eadem</strong></span> <span class='ocrx_word' id='word_1_225' title='bbox 730 2707 758 2769; x_wconf 87' lang='lat' dir='ltr'><strong>is</strong></span> <span class='ocrx_word' id='word_1_226' title='bbox 782 2727 874 2771; x_wconf 88' lang='lat' dir='ltr'><strong>occa·</strong></span> 
     </span>
     <span class='ocr_line' id='line_1_22' title="bbox 123 2789 1497 2896; baseline -0.004 -22"><span class='ocrx_word' id='word_1_227' title='bbox 123 2813 218 2875; x_wconf 86' lang='lat' dir='ltr'><strong>sione</strong></span> <span class='ocrx_word' id='word_1_228' title='bbox 239 2811 368 2896; x_wconf 88' lang='lat' dir='ltr'><strong>impetit</strong></span> <span class='ocrx_word' id='word_1_229' title='bbox 389 2830 522 2872; x_wconf 87' lang='lat' dir='ltr'><strong>numum</strong></span> <span class='ocrx_word' id='word_1_230' title='bbox 539 2807 616 2872; x_wconf 90' lang='lat' dir='ltr'><strong>huic</strong></span> <span class='ocrx_word' id='word_1_231' title='bbox 628 2828 687 2870; x_wconf 86' lang='lat' dir='ltr'><strong>suo</strong></span> <span class='ocrx_word' id='word_1_232' title='bbox 704 2829 771 2871; x_wconf 90' lang='lat' dir='ltr'><strong>non</strong></span> <span class='ocrx_word' id='word_1_233' title='bbox 792 2811 874 2871; x_wconf 85' lang='lat' dir='ltr'><strong>mel·</strong></span> <span class='ocrx_word' id='word_1_234' title='bbox 1100 2792 1222 2869; x_wconf 61' lang='grc' dir='ltr'><strong>Ρ·“145·</strong></span> <span class='ocrx_word' id='word_1_235' title='bbox 1242 2789 1305 2854; x_wconf 69' lang='grc'>104·</span> <span class='ocrx_word' id='word_1_236' title='bbox 1321 2813 1349 2856; x_wconf 87' lang='grc'><strong>1·</strong></span> <span class='ocrx_word' id='word_1_237' title='bbox 1370 2793 1430 2855; x_wconf 60' lang='lat' dir='ltr'><strong>lin·</strong></span> <span class='ocrx_word' id='word_1_238' title='bbox 1443 2807 1497 2858; x_wconf 67' lang='lat'><strong>²⁰·</strong></span> 
     </span>
     <span class='ocr_line' id='line_1_23' title="bbox 121 2907 1672 2996; baseline 0.003 -21"><span class='ocrx_word' id='word_1_239' title='bbox 121 2928 192 2976; x_wconf 88' lang='lat' dir='ltr'><strong>tum</strong></span> <span class='ocrx_word' id='word_1_240' title='bbox 215 2913 414 2987; x_wconf 84' lang='lat' dir='ltr'><strong>absimilem,</strong></span> <span class='ocrx_word' id='word_1_241' title='bbox 436 2913 549 2996; x_wconf 91' lang='lat' dir='ltr'><strong>inquo</strong></span> <span class='ocrx_word' id='word_1_242' title='bbox 574 2909 773 2972; x_wconf 86' lang='lat' dir='ltr'><strong>Pellerinius</strong></span> <span class='ocrx_word' id='word_1_243' title='bbox 790 2909 873 2993; x_wconf 87' lang='lat' dir='ltr'><strong>legit</strong></span> <span class='ocrx_word' id='word_1_244' title='bbox 993 2909 1037 2970; x_wconf 91' lang='lat' dir='ltr'><strong>At</strong></span> <span class='ocrx_word' id='word_1_245' title='bbox 1052 2927 1118 2970; x_wconf 89' lang='lat' dir='ltr'><strong>nou</strong></span> <span class='ocrx_word' id='word_1_246' title='bbox 1133 2908 1191 2974; x_wconf 91' lang='lat' dir='ltr'><strong>illa</strong></span> <span class='ocrx_word' id='word_1_247' title='bbox 1206 2911 1343 2994; x_wconf 86' lang='lat' dir='ltr'><strong>amplius</strong></span> <span class='ocrx_word' id='word_1_248' title='bbox 1361 2909 1443 2974; x_wconf 84' lang='lat' dir='ltr'><strong>mira</strong></span> <span class='ocrx_word' id='word_1_249' title='bbox 1458 2907 1605 2992; x_wconf 78' lang='lat' dir='ltr'><strong>videtur,</strong></span> <span class='ocrx_word' id='word_1_250' title='bbox 1628 2934 1672 2979; x_wconf 84' lang='lat' dir='ltr'><strong>ex</strong></span> 
     </span>
     <span class='ocr_line' id='line_1_24' title="bbox 122 3010 1671 3100; baseline 0.001 -22"><span class='ocrx_word' id='word_1_251' title='bbox 122 3011 346 3094; x_wconf 63' lang='lat' dir='ltr'><strong>ATcKAA„</strong></span> <span class='ocrx_word' id='word_1_252' title='bbox 378 3032 552 3100; x_wconf 86' lang='lat' dir='ltr'><strong>quemque</strong></span> <span class='ocrx_word' id='word_1_253' title='bbox 573 3010 655 3074; x_wconf 87' lang='lat' dir='ltr'><strong>adeo</strong></span> <span class='ocrx_word' id='word_1_254' title='bbox 685 3011 869 3094; x_wconf 84' lang='lat' dir='ltr'><strong>Dysoeladc</strong></span> <span class='ocrx_word' id='word_1_255' title='bbox 928 3027 993 3093; x_wconf 81' lang='lat' dir='ltr'><strong>que</strong></span> <span class='ocrx_word' id='word_1_256' title='bbox 1010 3011 1228 3094; x_wconf 79' lang='lat' dir='ltr'><strong>Cousineryps</strong></span> <span class='ocrx_word' id='word_1_257' title='bbox 1246 3011 1422 3077; x_wconf 86' lang='lat' dir='ltr'><strong>certiorem</strong></span> <span class='ocrx_word' id='word_1_258' title='bbox 1445 3034 1498 3077; x_wconf 86' lang='lat' dir='ltr'><strong>rae</strong></span> <span class='ocrx_word' id='word_1_259' title='bbox 1516 3013 1671 3094; x_wconf 86' lang='lat' dir='ltr'><strong>reddidit,</strong></span> 
     </span>
     <span class='ocr_line' id='line_1_25' title="bbox 120 3109 1669 3200; baseline 0.002 -22"><span class='ocrx_word' id='word_1_260' title='bbox 120 3118 254 3198; x_wconf 85' lang='lat' dir='ltr'><strong>Illyrici</strong></span> <span class='ocrx_word' id='word_1_261' title='bbox 286 3117 412 3179; x_wconf 83' lang='lat' dir='ltr'><strong>insulae</strong></span> <span class='ocrx_word' id='word_1_262' title='bbox 448 3113 550 3178; x_wconf 88' lang='lat' dir='ltr'><strong>tribui</strong></span> <span class='ocrx_word' id='word_1_263' title='bbox 587 3133 684 3196; x_wconf 86' lang='lat' dir='ltr'><strong>posse</strong></span> <span class='ocrx_word' id='word_1_264' title='bbox 719 3113 881 3196; x_wconf 85' lang='lat' dir='ltr'><strong>conjecit·</strong></span> <span class='ocrx_word' id='word_1_265' title='bbox 926 3109 1014 3174; x_wconf 89' lang='lat' dir='ltr'><strong>buno</strong></span> <span class='ocrx_word' id='word_1_266' title='bbox 1038 3113 1143 3196; x_wconf 90' lang='lat' dir='ltr'><strong>ipsum</strong></span> <span class='ocrx_word' id='word_1_267' title='bbox 1167 3114 1301 3176; x_wconf 87' lang='lat' dir='ltr'><strong>Sestinii</strong></span> <span class='ocrx_word' id='word_1_268' title='bbox 1322 3137 1475 3192; x_wconf 88' lang='lat' dir='ltr'><strong>numum,</strong></span> <span class='ocrx_word' id='word_1_269' title='bbox 1501 3117 1558 3200; x_wconf 88' lang='lat' dir='ltr'><strong>qni</strong></span> <span class='ocrx_word' id='word_1_270' title='bbox 1582 3135 1669 3182; x_wconf 83' lang='lat' dir='ltr'><strong>nmsc</strong></span> 
     </span>
     <span class='ocr_line' id='line_1_26' title="bbox 122 3214 1670 3306; baseline 0.004 -27"><span class='ocrx_word' id='word_1_271' title='bbox 122 3219 258 3306; x_wconf 83' lang='lat' dir='ltr'><strong>(Suppl.</strong></span> <span class='ocrx_word' id='word_1_272' title='bbox 279 3221 305 3282; x_wconf 84' lang='lat' dir='ltr'><strong>l.</strong></span> <span class='ocrx_word' id='word_1_273' title='bbox 330 3241 362 3302; x_wconf 92' lang='lat' dir='ltr'><strong>p.</strong></span> <span class='ocrx_word' id='word_1_274' title='bbox 380 3218 448 3298; x_wconf 83' lang='lat'><strong>33.)</strong></span> <span class='ocrx_word' id='word_1_275' title='bbox 486 3214 605 3278; x_wconf 82' lang='lat' dir='ltr'><strong>Eidem</strong></span> <span class='ocrx_word' id='word_1_276' title='bbox 633 3235 715 3299; x_wconf 86' lang='lat' dir='ltr'><strong>ergo</strong></span> <span class='ocrx_word' id='word_1_277' title='bbox 744 3216 868 3280; x_wconf 86' lang='lat' dir='ltr'><strong>Asculo</strong></span> <span class='ocrx_word' id='word_1_278' title='bbox 925 3233 1029 3295; x_wconf 83' lang='lat' dir='ltr'><strong>penes</strong></span> <span class='ocrx_word' id='word_1_279' title='bbox 1050 3235 1086 3278; x_wconf 90' lang='lat' dir='ltr'><strong>se</strong></span> <span class='ocrx_word' id='word_1_280' title='bbox 1110 3227 1177 3293; x_wconf 86' lang='lat' dir='ltr'><strong>est,</strong></span> <span class='ocrx_word' id='word_1_281' title='bbox 1202 3236 1283 3301; x_wconf 91' lang='lat' dir='ltr'><strong>opus</strong></span> <span class='ocrx_word' id='word_1_282' title='bbox 1303 3235 1379 3281; x_wconf 85' lang='lat' dir='ltr'><strong>esse</strong></span> <span class='ocrx_word' id='word_1_283' title='bbox 1402 3217 1526 3282; x_wconf 81' lang='lat' dir='ltr'><strong>falsarii</strong></span> <span class='ocrx_word' id='word_1_284' title='bbox 1546 3217 1670 3284; x_wconf 71' lang='lat' dir='ltr'><strong>oanan</strong></span> 
     </span>
     <span class='ocr_line' id='line_1_27' title="bbox 121 3315 1595 3405; baseline -0.001 -21"><span class='ocrx_word' id='word_1_285' title='bbox 121 3324 359 3405; x_wconf 88' lang='lat' dir='ltr'><strong>huncquoque</strong></span> <span class='ocrx_word' id='word_1_286' title='bbox 376 3316 504 3382; x_wconf 83' lang='lat' dir='ltr'><strong>restitui</strong></span> <span class='ocrx_word' id='word_1_287' title='bbox 520 3316 600 3381; x_wconf 83' lang='lat' dir='ltr'><strong>vult.</strong></span> <span class='ocrx_word' id='word_1_288' title='bbox 926 3317 997 3398; x_wconf 87' lang='lat' dir='ltr'><strong>Bey</strong></span> <span class='ocrx_word' id='word_1_289' title='bbox 1012 3315 1052 3380; x_wconf 88' lang='lat' dir='ltr'><strong>ab</strong></span> <span class='ocrx_word' id='word_1_290' title='bbox 1069 3316 1182 3382; x_wconf 83' lang='lat' dir='ltr'><strong>infami</strong></span> <span class='ocrx_word' id='word_1_291' title='bbox 1200 3317 1261 3383; x_wconf 87' lang='lat' dir='ltr'><strong>bac</strong></span> <span class='ocrx_word' id='word_1_292' title='bbox 1280 3331 1350 3384; x_wconf 86' lang='lat' dir='ltr'><strong>arte</strong></span> <span class='ocrx_word' id='word_1_293' title='bbox 1367 3319 1443 3382; x_wconf 90' lang='lat' dir='ltr'><strong>satis</strong></span> <span class='ocrx_word' id='word_1_294' title='bbox 1462 3321 1595 3404; x_wconf 79' lang='lat' dir='ltr'><strong>cogniti.</strong></span> 
     </span>
     <span class='ocr_line' id='line_1_28' title="bbox 189 3413 1112 3506; baseline -0.004 -22"><span class='ocrx_word' id='word_1_295' title='bbox 189 3423 305 3506; x_wconf 86' lang='lat' dir='ltr'><strong>Neque</strong></span> <span class='ocrx_word' id='word_1_296' title='bbox 334 3420 389 3484; x_wconf 91' lang='lat' dir='ltr'><strong>hic</strong></span> <span class='ocrx_word' id='word_1_297' title='bbox 419 3417 564 3482; x_wconf 88' lang='lat' dir='ltr'><strong>constitit</strong></span> <span class='ocrx_word' id='word_1_298' title='bbox 592 3418 732 3480; x_wconf 88' lang='lat' dir='ltr'><strong>auctoris</strong></span> <span class='ocrx_word' id='word_1_299' title='bbox 764 3417 870 3482; x_wconf 85' lang='lat' dir='ltr'><strong>nostri</strong></span> <span class='ocrx_word' id='word_1_300' title='bbox 1109 3413 1112 3422; x_wconf 88' lang='grc'><strong><em>’</em></strong></span> 
     </span>
     <span class='ocr_line' id='line_1_29' title="bbox 120 3497 1656 3603; baseline -0.005 -16"><span class='ocrx_word' id='word_1_301' title='bbox 120 3525 321 3601; x_wconf 88' lang='lat' dir='ltr'><strong>liberalitas,</strong></span> <span class='ocrx_word' id='word_1_302' title='bbox 342 3521 401 3584; x_wconf 89' lang='lat' dir='ltr'><strong>sed</strong></span> <span class='ocrx_word' id='word_1_303' title='bbox 427 3520 536 3584; x_wconf 90' lang='lat' dir='ltr'><strong>cidem</strong></span> <span class='ocrx_word' id='word_1_304' title='bbox 555 3518 677 3582; x_wconf 89' lang='lat' dir='ltr'><strong>Asculo</strong></span> <span class='ocrx_word' id='word_1_305' title='bbox 697 3532 872 3603; x_wconf 88' lang='lat' dir='ltr'><strong>sequentes</strong></span> <span class='ocrx_word' id='word_1_306' title='bbox 947 3504 985 3566; x_wconf 76' lang='grc' dir='ltr'><strong>Ρ·</strong></span> <span class='ocrx_word' id='word_1_307' title='bbox 998 3497 1068 3580; x_wconf 63' lang='lat' dir='ltr'><strong>dab,</strong></span> <span class='ocrx_word' id='word_1_308' title='bbox 1082 3503 1184 3570; x_wconf 68' lang='grc'>1041·</span> <span class='ocrx_word' id='word_1_309' title='bbox 1198 3505 1310 3588; x_wconf 73' lang='lat' dir='ltr'><strong>timp</strong></span> <span class='ocrx_word' id='word_1_310' title='bbox 1328 3516 1407 3586; x_wconf 66' lang='grc'>111111</span> <span class='ocrx_word' id='word_1_311' title='bbox 1423 3507 1656 3568; x_wconf 55' lang='lat' dir='ltr'><strong>mamni?</strong></span> 
     </span>
     <span class='ocr_line' id='line_1_30' title="bbox 122 3613 1716 3710; baseline -0.001 -20"><span class='ocrx_word' id='word_1_312' title='bbox 122 3629 164 3690; x_wconf 89' lang='lat' dir='ltr'><strong>ad</strong></span> <span class='ocrx_word' id='word_1_313' title='bbox 182 3627 247 3690; x_wconf 90' lang='lat' dir='ltr'><strong>huo</strong></span> <span class='ocrx_word' id='word_1_314' title='bbox 266 3618 383 3688; x_wconf 81' lang='lat' dir='ltr'><strong>nuinos</strong></span> <span class='ocrx_word' id='word_1_315' title='bbox 400 3635 604 3686; x_wconf 82' lang='lat' dir='ltr'><strong>numeratur:</strong></span> <span class='ocrx_word' id='word_1_316' title='bbox 989 3664 999 3698; x_wconf 90' lang='lat'><strong>,</strong></span> <span class='ocrx_word' id='word_1_317' title='bbox 1020 3621 1195 3706; x_wconf 86' lang='lat' dir='ltr'><strong>praecipue</strong></span> <span class='ocrx_word' id='word_1_318' title='bbox 1214 3621 1302 3708; x_wconf 91' lang='lat' dir='ltr'><strong>quod</strong></span> <span class='ocrx_word' id='word_1_319' title='bbox 1316 3623 1366 3710; x_wconf 82' lang='lat' dir='ltr'><strong>illi</strong></span> <span class='ocrx_word' id='word_1_320' title='bbox 1380 3635 1605 3709; x_wconf 87' lang='lat' dir='ltr'><strong>postmortem</strong></span> <span class='ocrx_word' id='word_1_321' title='bbox 1622 3625 1670 3688; x_wconf 93' lang='lat' dir='ltr'><strong>di·</strong></span> <span class='ocrx_word' id='word_1_322' title='bbox 1710 3613 1716 3628; x_wconf 72' lang='lat'>&#39;</span> 
     </span>
     <span class='ocr_line' id='line_1_31' title="bbox 188 3716 1668 3793; baseline 0.001 -3"><span class='ocrx_word' id='word_1_323' title='bbox 188 3721 378 3793; x_wconf 76' lang='lat' dir='ltr'><strong>A&#39;rcxth.</strong></span> <span class='ocrx_word' id='word_1_324' title='bbox 403 3725 438 3786; x_wconf 93' lang='lat' dir='ltr'><strong>in</strong></span> <span class='ocrx_word' id='word_1_325' title='bbox 466 3723 548 3788; x_wconf 85' lang='lat' dir='ltr'><strong>alie:</strong></span> <span class='ocrx_word' id='word_1_326' title='bbox 592 3716 865 3789; x_wconf 82' lang='grc' dir='ltr'><strong>ΑΤΣΚΛῙΩΝ.</strong></span> <span class='ocrx_word' id='word_1_327' title='bbox 923 3723 1017 3789; x_wconf 80' lang='lat' dir='ltr'><strong>vinos</strong></span> <span class='ocrx_word' id='word_1_328' title='bbox 1035 3723 1179 3788; x_wconf 84' lang='lat' dir='ltr'><strong>honores</strong></span> <span class='ocrx_word' id='word_1_329' title='bbox 1197 3726 1297 3790; x_wconf 81' lang='lat' dir='ltr'><strong>tuisse</strong></span> <span class='ocrx_word' id='word_1_330' title='bbox 1313 3726 1442 3792; x_wconf 85' lang='lat' dir='ltr'><strong>habitos</strong></span> <span class='ocrx_word' id='word_1_331' title='bbox 1458 3739 1598 3792; x_wconf 84' lang='lat' dir='ltr'><strong>testetur</strong></span> <span class='ocrx_word' id='word_1_332' title='bbox 1616 3729 1668 3792; x_wconf 84' lang='lat' dir='ltr'><strong>lu·</strong></span> 
     </span>
     <span class='ocr_line' id='line_1_32' title="bbox 121 3823 1289 3913; baseline -0.002 -19"><span class='ocrx_word' id='word_1_333' title='bbox 121 3834 220 3913; x_wconf 84' lang='lat' dir='ltr'><strong>Aper</strong></span> <span class='ocrx_word' id='word_1_334' title='bbox 238 3839 384 3893; x_wconf 80' lang='lat' dir='ltr'><strong>currens.</strong></span> <span class='ocrx_word' id='word_1_335' title='bbox 408 3823 432 3886; x_wconf 64' lang='grc' dir='ltr'><strong>Ξ</strong></span> <span class='ocrx_word' id='word_1_336' title='bbox 454 3827 564 3908; x_wconf 78' lang='lat' dir='ltr'><strong>Spica.</strong></span> <span class='ocrx_word' id='word_1_337' title='bbox 584 3823 656 3886; x_wconf 79' lang='grc' dir='ltr'><strong>ΑΕ.</strong></span> <span class='ocrx_word' id='word_1_338' title='bbox 673 3825 728 3885; x_wconf 80' lang='lat'><em>111.</em></span> <span class='ocrx_word' id='word_1_339' title='bbox 924 3825 1037 3891; x_wconf 80' lang='lat' dir='ltr'><strong>atinus.</strong></span> <span class='ocrx_word' id='word_1_340' title='bbox 1056 3828 1111 3909; x_wconf 79' lang='lat' dir='ltr'><strong>(L.</strong></span> <span class='ocrx_word' id='word_1_341' title='bbox 1125 3830 1179 3894; x_wconf 88' lang='lat'><em>111.</em></span> <span class='ocrx_word' id='word_1_342' title='bbox 1196 3849 1224 3892; x_wconf 87' lang='lat' dir='ltr'><strong>c.</strong></span> <span class='ocrx_word' id='word_1_343' title='bbox 1240 3829 1289 3912; x_wconf 67' lang='grc'><strong>4.)</strong></span> 
     </span>
     <span class='ocr_line' id='line_1_33' title="bbox 185 3924 867 4014; baseline -0.01 -20"><span class='ocrx_word' id='word_1_344' title='bbox 185 3931 352 4014; x_wconf 85' lang='lat' dir='ltr'><strong>Stephano</strong></span> <span class='ocrx_word' id='word_1_345' title='bbox 366 3929 490 4013; x_wconf 80' lang='lat' dir='ltr'><strong>gentile</strong></span> <span class='ocrx_word' id='word_1_346' title='bbox 506 3924 617 3989; x_wconf 78' lang='lat' dir='ltr'><strong>Asculi</strong></span> <span class='ocrx_word' id='word_1_347' title='bbox 632 3937 682 3988; x_wconf 89' lang='lat' dir='ltr'><strong>est</strong></span> <span class='ocrx_word' id='word_1_348' title='bbox 694 3924 867 4003; x_wconf 71' lang='lat' dir='ltr'><strong>Aesius-qq,</strong></span> 
     </span>
     <span class='ocr_line' id='line_1_34' title="bbox 118 4009 1613 4104; baseline -0.005 -9"><span class='ocrx_word' id='word_1_349' title='bbox 118 4032 250 4097; x_wconf 84' lang='lat' dir='ltr'><strong>Latinis·</strong></span> <span class='ocrx_word' id='word_1_350' title='bbox 261 4009 323 4094; x_wconf 83' lang='lat' dir='ltr'><strong>fuit</strong></span> <span class='ocrx_word' id='word_1_351' title='bbox 340 4031 552 4104; x_wconf 67' lang='lat' dir='ltr'><strong>Asculanos,</strong></span> <span class='ocrx_word' id='word_1_352' title='bbox 576 4038 694 4090; x_wconf 86' lang='lat' dir='ltr'><strong>neutro</strong></span> <span class='ocrx_word' id='word_1_353' title='bbox 713 4025 796 4090; x_wconf 86' lang='lat' dir='ltr'><strong>adeo</strong></span> <span class='ocrx_word' id='word_1_354' title='bbox 819 4027 868 4088; x_wconf 87' lang='lat' dir='ltr'><strong>in·</strong></span> <span class='ocrx_word' id='word_1_355' title='bbox 981 4013 1018 4074; x_wconf 82' lang='grc' dir='ltr'><strong>Ρ·</strong></span> <span class='ocrx_word' id='word_1_356' title='bbox 1032 4013 1103 4087; x_wconf 68' lang='grc'>1441·</span> <span class='ocrx_word' id='word_1_357' title='bbox 1119 4013 1181 4078; x_wconf 68' lang='grc'>1114·</span> <span class='ocrx_word' id='word_1_358' title='bbox 1195 4029 1224 4078; x_wconf 77' lang='grc'><strong>1·</strong></span> <span class='ocrx_word' id='word_1_359' title='bbox 1243 4013 1303 4080; x_wconf 70' lang='lat' dir='ltr'><strong>lin·</strong></span> <span class='ocrx_word' id='word_1_360' title='bbox 1317 4012 1355 4080; x_wconf 78' lang='grc'><strong>13</strong></span> <span class='ocrx_word' id='word_1_361' title='bbox 1370 4030 1448 4102; x_wconf 74' lang='lat' dir='ltr'><strong>post</strong></span> <span class='ocrx_word' id='word_1_362' title='bbox 1465 4020 1613 4100; x_wconf 64' lang='lat' dir='ltr'><strong>referi·</strong></span> 
     </span>
     <span class='ocr_line' id='line_1_35' title="bbox 118 4123 1668 4224; baseline -0.001 -26"><span class='ocrx_word' id='word_1_363' title='bbox 118 4133 290 4219; x_wconf 84' lang='lat' dir='ltr'><strong>scriptioni</strong></span> <span class='ocrx_word' id='word_1_364' title='bbox 308 4123 574 4194; x_wconf 77' lang='grc' dir='ltr'><strong>ΑΤΣΚΛΙΩΝ</strong></span> <span class='ocrx_word' id='word_1_365' title='bbox 589 4127 798 4211; x_wconf 79' lang='lat' dir='ltr'><strong>suffragante.</strong></span> <span class='ocrx_word' id='word_1_366' title='bbox 815 4129 881 4191; x_wconf 62' lang='lat' dir='ltr'><strong>Ad*</strong></span> <span class='ocrx_word' id='word_1_367' title='bbox 967 4129 1056 4224; x_wconf 76' lang='lat' dir='ltr'><strong>,Sed</strong></span> <span class='ocrx_word' id='word_1_368' title='bbox 1071 4129 1146 4196; x_wconf 86' lang='lat' dir='ltr'><strong>ride</strong></span> <span class='ocrx_word' id='word_1_369' title='bbox 1162 4133 1274 4211; x_wconf 86' lang='lat' dir='ltr'><strong>ctiam,</strong></span> <span class='ocrx_word' id='word_1_370' title='bbox 1296 4151 1379 4220; x_wconf 89' lang='lat' dir='ltr'><strong>qnae</strong></span> <span class='ocrx_word' id='word_1_371' title='bbox 1393 4133 1505 4216; x_wconf 89' lang='lat' dir='ltr'><strong>paullo</strong></span> <span class='ocrx_word' id='word_1_372' title='bbox 1522 4135 1617 4198; x_wconf 83' lang='lat' dir='ltr'><strong>altius</strong></span> <span class='ocrx_word' id='word_1_373' title='bbox 1634 4134 1668 4196; x_wconf 84' lang='lat' dir='ltr'><strong>ih</strong></span> 
     </span>
     <span class='ocr_line' id='line_1_36' title="bbox 118 4231 1360 4319; baseline 0 -21"><span class='ocrx_word' id='word_1_374' title='bbox 118 4239 205 4300; x_wconf 88' lang='lat' dir='ltr'><strong>haec</strong></span> <span class='ocrx_word' id='word_1_375' title='bbox 222 4253 302 4319; x_wconf 87' lang='lat' dir='ltr'><strong>aper</strong></span> <span class='ocrx_word' id='word_1_376' title='bbox 321 4247 355 4298; x_wconf 88' lang='lat' dir='ltr'><strong>et</strong></span> <span class='ocrx_word' id='word_1_377' title='bbox 374 4234 461 4317; x_wconf 86' lang='lat' dir='ltr'><strong>spica</strong></span> <span class='ocrx_word' id='word_1_378' title='bbox 480 4232 548 4316; x_wconf 82' lang='lat' dir='ltr'><strong>typi</strong></span> <span class='ocrx_word' id='word_1_379' title='bbox 566 4245 641 4294; x_wconf 93' lang='lat' dir='ltr'><strong>sunt</strong></span> <span class='ocrx_word' id='word_1_380' title='bbox 657 4231 747 4296; x_wconf 75' lang='lat' dir='ltr'><strong>obvii</strong></span> <span class='ocrx_word' id='word_1_381' title='bbox 761 4231 794 4293; x_wconf 92' lang='lat' dir='ltr'><strong>in</strong></span> <span class='ocrx_word' id='word_1_382' title='bbox 810 4251 870 4294; x_wconf 91' lang='lat' dir='ltr'><strong>nu·</strong></span> <span class='ocrx_word' id='word_1_383' title='bbox 925 4231 1031 4298; x_wconf 81' lang='lat' dir='ltr'><strong>nemis</strong></span> <span class='ocrx_word' id='word_1_384' title='bbox 1046 4233 1222 4298; x_wconf 86' lang='lat' dir='ltr'><strong>Brundusii</strong></span> <span class='ocrx_word' id='word_1_385' title='bbox 1237 4234 1360 4300; x_wconf 80' lang='lat' dir='ltr'><strong>monui.</strong></span> 
     </span>
     <span class='ocr_line' id='line_1_37' title="bbox 120 4333 869 4423; baseline -0.005 -23"><span class='ocrx_word' id='word_1_386' title='bbox 120 4338 183 4401; x_wconf 87' lang='lat' dir='ltr'><strong>mis</strong></span> <span class='ocrx_word' id='word_1_387' title='bbox 199 4340 365 4423; x_wconf 86' lang='lat' dir='ltr'><strong>Arporum</strong></span> <span class='ocrx_word' id='word_1_388' title='bbox 384 4335 534 4420; x_wconf 82' lang='lat' dir='ltr'><strong>Apuliae.</strong></span> <span class='ocrx_word' id='word_1_389' title='bbox 561 4337 629 4398; x_wconf 86' lang='lat' dir='ltr'><strong>Res</strong></span> <span class='ocrx_word' id='word_1_390' title='bbox 654 4333 737 4398; x_wconf 85' lang='lat' dir='ltr'><strong>adeo</strong></span> <span class='ocrx_word' id='word_1_391' title='bbox 763 4333 869 4396; x_wconf 90' lang='lat' dir='ltr'><strong>omnis</strong></span> 
     </span>
    </p>
   </div>
   <div class='ocr_carea' id='block_1_3' title="bbox 120 4555 1675 4918">
    <p class='ocr_par' dir='ltr' id='par_1_3' title="bbox 120 4555 1675 4918">
     <span class='ocr_line' id='line_1_38' title="bbox 160 4555 1671 4666; baseline 0.001 -24"><span class='ocrx_word' id='word_1_392' title='bbox 160 4589 193 4660; x_wconf 88' lang='lat' dir='ltr'><strong>a)</strong></span> <span class='ocrx_word' id='word_1_393' title='bbox 212 4581 302 4643; x_wconf 86' lang='lat' dir='ltr'><strong>Nulla</strong></span> <span class='ocrx_word' id='word_1_394' title='bbox 317 4595 413 4658; x_wconf 85' lang='lat' dir='ltr'><strong>tamon</strong></span> <span class='ocrx_word' id='word_1_395' title='bbox 429 4581 468 4640; x_wconf 88' lang='lat' dir='ltr'><strong>de</strong></span> <span class='ocrx_word' id='word_1_396' title='bbox 483 4581 565 4640; x_wconf 88' lang='lat' dir='ltr'><strong>hisce</strong></span> <span class='ocrx_word' id='word_1_397' title='bbox 581 4582 677 4638; x_wconf 83' lang='lat' dir='ltr'><strong>numia</strong></span> <span class='ocrx_word' id='word_1_398' title='bbox 694 4579 793 4638; x_wconf 87' lang='lat' dir='ltr'><strong>adhuc</strong></span> <span class='ocrx_word' id='word_1_399' title='bbox 807 4581 923 4658; x_wconf 87' lang='lat' dir='ltr'><strong>prolata</strong></span> <span class='ocrx_word' id='word_1_400' title='bbox 936 4581 1080 4638; x_wconf 87' lang='lat' dir='ltr'><strong>sententia</strong></span> <span class='ocrx_word' id='word_1_401' title='bbox 1094 4594 1146 4652; x_wconf 85' lang='lat' dir='ltr'><strong>est,</strong></span> <span class='ocrx_word' id='word_1_402' title='bbox 1166 4555 1242 4661; x_wconf 83' lang='lat' dir='ltr'><strong>quac</strong></span> <span class='ocrx_word' id='word_1_403' title='bbox 1255 4585 1347 4662; x_wconf 87' lang='lat' dir='ltr'><strong>magis</strong></span> <span class='ocrx_word' id='word_1_404' title='bbox 1361 4588 1549 4662; x_wconf 86' lang='lat' dir='ltr'><strong>probaretur.</strong></span> <span class='ocrx_word' id='word_1_405' title='bbox 1568 4583 1671 4666; x_wconf 83' lang='lat' dir='ltr'><strong>ltaque</strong></span> 
     </span>
     <span class='ocr_line' id='line_1_39' title="bbox 121 4665 1675 4752; baseline 0 -18"><span class='ocrx_word' id='word_1_406' title='bbox 121 4675 227 4734; x_wconf 67' lang='lat' dir='ltr'><strong>Manli</strong></span> <span class='ocrx_word' id='word_1_407' title='bbox 240 4675 358 4752; x_wconf 90' lang='lat' dir='ltr'><strong>potius,</strong></span> <span class='ocrx_word' id='word_1_408' title='bbox 375 4692 465 4750; x_wconf 88' lang='lat' dir='ltr'><strong>quam</strong></span> <span class='ocrx_word' id='word_1_409' title='bbox 479 4671 638 4748; x_wconf 86' lang='lat' dir='ltr'><strong>Dysceladi</strong></span> <span class='ocrx_word' id='word_1_410' title='bbox 651 4669 731 4748; x_wconf 88' lang='lat' dir='ltr'><strong>lllyr.</strong></span> <span class='ocrx_word' id='word_1_411' title='bbox 747 4671 860 4729; x_wconf 85' lang='lat' dir='ltr'><strong>insulae</strong></span> <span class='ocrx_word' id='word_1_412' title='bbox 875 4690 940 4728; x_wconf 86' lang='lat' dir='ltr'><strong>csse</strong></span> <span class='ocrx_word' id='word_1_413' title='bbox 955 4671 1101 4733; x_wconf 84' lang='lat' dir='ltr'><strong>ridentur.</strong></span> <span class='ocrx_word' id='word_1_414' title='bbox 1120 4673 1276 4752; x_wconf 88' lang='lat' dir='ltr'><strong>Inscriptio</strong></span> <span class='ocrx_word' id='word_1_415' title='bbox 1291 4665 1481 4740; x_wconf 76' lang='lat' dir='ltr'><strong>AVPVTK</strong></span> <span class='ocrx_word' id='word_1_416' title='bbox 1494 4707 1506 4722; x_wconf 92' lang='lat'><strong>·</strong></span> <span class='ocrx_word' id='word_1_417' title='bbox 1518 4707 1530 4722; x_wconf 93' lang='lat'><strong>·</strong></span> <span class='ocrx_word' id='word_1_418' title='bbox 1542 4707 1554 4722; x_wconf 89' lang='lat'><strong>·</strong></span> <span class='ocrx_word' id='word_1_419' title='bbox 1566 4675 1675 4752; x_wconf 82' lang='lat' dir='ltr'><strong>legitur</strong></span> 
     </span>
     <span class='ocr_line' id='line_1_40' title="bbox 121 4759 1673 4845; baseline 0 -19"><span class='ocrx_word' id='word_1_420' title='bbox 121 4765 249 4845; x_wconf 87' lang='lat' dir='ltr'><strong>quidem</strong></span> <span class='ocrx_word' id='word_1_421' title='bbox 265 4765 298 4823; x_wconf 93' lang='lat' dir='ltr'><strong>in</strong></span> <span class='ocrx_word' id='word_1_422' title='bbox 314 4781 404 4824; x_wconf 88' lang='lat' dir='ltr'><strong>numu</strong></span> <span class='ocrx_word' id='word_1_423' title='bbox 421 4762 534 4820; x_wconf 86' lang='lat' dir='ltr'><strong>inedito</strong></span> <span class='ocrx_word' id='word_1_424' title='bbox 552 4759 645 4820; x_wconf 85' lang='lat' dir='ltr'><strong>hlusei</strong></span> <span class='ocrx_word' id='word_1_425' title='bbox 664 4761 749 4820; x_wconf 80' lang='lat' dir='ltr'><strong>Co&#39;es.</strong></span> <span class='ocrx_word' id='word_1_426' title='bbox 762 4761 835 4839; x_wconf 83' lang='lat' dir='ltr'><strong>licg.</strong></span> <span class='ocrx_word' id='word_1_427' title='bbox 851 4778 953 4820; x_wconf 86' lang='lat' dir='ltr'><strong>verum</strong></span> <span class='ocrx_word' id='word_1_428' title='bbox 976 4766 1039 4844; x_wconf 84' lang='lat' dir='ltr'><strong>ejus</strong></span> <span class='ocrx_word' id='word_1_429' title='bbox 1059 4774 1146 4842; x_wconf 87' lang='lat' dir='ltr'><strong>typus</strong></span> <span class='ocrx_word' id='word_1_430' title='bbox 1168 4763 1254 4820; x_wconf 85' lang='lat' dir='ltr'><strong>distat</strong></span> <span class='ocrx_word' id='word_1_431' title='bbox 1269 4763 1305 4820; x_wconf 88' lang='lat' dir='ltr'><strong>ab</strong></span> <span class='ocrx_word' id='word_1_432' title='bbox 1325 4783 1415 4824; x_wconf 84' lang='lat' dir='ltr'><strong>numo</strong></span> <span class='ocrx_word' id='word_1_433' title='bbox 1432 4785 1447 4821; x_wconf 84' lang='lat' dir='ltr'><strong>a</strong></span> <span class='ocrx_word' id='word_1_434' title='bbox 1463 4766 1579 4826; x_wconf 77' lang='lat' dir='ltr'><strong>Scotino</strong></span> <span class='ocrx_word' id='word_1_435' title='bbox 1597 4767 1673 4845; x_wconf 91' lang='lat' dir='ltr'><strong>pub-</strong></span> 
     </span>
     <span class='ocr_line' id='line_1_41' title="bbox 120 4857 952 4918; baseline 0.002 -4"><span class='ocrx_word' id='word_1_436' title='bbox 120 4857 223 4918; x_wconf 88' lang='lat' dir='ltr'><strong>licato.</strong></span> <span class='ocrx_word' id='word_1_437' title='bbox 949 4871 952 4878; x_wconf 90' lang='grc'><strong><em>’</em></strong></span> 
     </span>
    </p>
   </div>
   <div class='ocr_carea' id='block_1_4' title="bbox 0 0 2118 5500">
    <p class='ocr_par' dir='ltr' id='par_1_4' title="bbox 0 0 2118 5500">
     <span class='ocr_line' id='line_1_42' title="bbox 0 0 2118 5500; baseline 0 0"><span class='ocrx_word' id='word_1_438' title='bbox 0 0 2118 5500; x_wconf 95' lang='lat' dir='ltr'><strong> </strong></span> 
     </span>
    </p>
   </div>
  </div>
 </body>
</html>
