4236 5480
456 1245 1479 1436 rsevoononaun

823 1648 1087 1683 ...ov-

185 1941 277 2058 Hoc
293 1995 429 2058 nomine
448 1989 763 2077 comprehendimua
775 1994 932 2079 quaedsm
990 2009 1119 2076 nunqua
1132 1989 1177 2054 ad
1199 1991 1349 2077 privatos
1359 2014 1435 2060 suus
1455 2019 1555 2076 usus,
1578 2013 1612 2064 et
1629 2013 1665 2066 ut
1684 2023 1739 2066 ro-

184 2109 336 2162 ratarum
375 2107 604 2173 monumenta,
646 2115 730 2180 quaa
767 2109 931 2161 monetam
989 2091 1115 2177 luntas,
1136 2115 1173 2160 ao
1189 2095 1390 2176 lubidotulat
1411 2100 1536 2182 signata
1552 2114 1636 2166 sunt
1660 2104 1737 2168 Vni·

184 2219 296 2266 reram
322 2197 431 2262 modis
456 2196 658 2292 plerisque
647 2197 834 2277 smitautur,
867 2197 933 2262 sed
988 2217 1123 2262 versam
1137 2197 1209 2282 ejus
1233 2200 1405 2292 materiem
1427 2200 1513 2266 tinia
1537 2204 1736 2270 sectionibus

182 2318 337 2370 monetae
354 2319 455 2368 rarae
469 2319 564 2364 usum
578 2319 742 2385 nunquam
760 2301 933 2387 praestite-
984 2296 1179 2377 defluimus,
1208 2305 1392 2386 querumi.
1417 2305 1599 2372 continebit
1619 2325 1735 2373 numos

180 2429 241 2482 rs.
264 2425 374 2492 ecquo
399 2399 598 2468 'auctoritate
612 2401 762 2486 publica,
783 2403 844 2465 scd
865 2403 933 2488 pri·
986 2402 1227 2480 conturniatos,
1250 2406 1291 2467 11.
1301 2417 1455 2487 tesseras,
1475 2407 1637 2493 spintrias,
1660 2409 1735 2512 alia·

180 2525 253 2576 sats
275 2507 513 2595 collegiorum,
534 2517 808 2591 conputamus
819 2504 931 2589 cujus·
988 2525 1052 2590 qna
1067 2503 1150 2572 rarii
1166 2507 1361 2592 argumenti.

781 2797 1120 2826 ..m-*m
1138 2809 1153 2815 -

682 3142 1126 3326 secut-0
1187 3143 1240 3268 Ἰ.·

503 3369 518 3466 5.
585 3410 650 3472 ua
691 3409 865 3512 nrnru
908 3409 1321 3488 corronnrarrn
1395 3377 1398 3382 ’
1489 3357 1493 3368 ’

236 3611 273 3672 lu
291 3597 556 3696 pseudomoneta
576 3625 650 3670 cum
672 3617 811 3690 propter
834 3605 923 3688 copi·
980 3621 1109 3688 cunque
1132 3602 1199 3668 rei
1207 3601 1347 3681 lineam,
1377 3615 1431 3667 aut
1454 3593 1732 3700 circumscriptio

172 3725 354 3790 am,tu1u
394 3709 655 3795 qualemcunque
692 3706 923 3771 excellentiore
979 3724 1055 3768 uem
1074 3702 1252 3789 significat,
1274 3711 1729 3800 utreverapleriquehinu·
1776 3753 1781 3760 ·

173 3815 318 3900 primum
337 3813 448 3876 iocum
474 3824 588 3876 tonent
605 3809 714 3887 numi,
742 3831 824 3896 quus
849 3831 923 3874 aun·
979 3807 1025 3869 mi
1043 3807 1078 3868 in
1100 3819 1249 3871 extremo
1266 3799 1419 3896 utr'inqua
1441 3819 1588 3902 margine
1605 3821 1726 3885 lineam

172 3923 333 3982 lonium
354 3935 518 3980 sommus.
556 3911 794 3998 Appellatiouis
814 3911 936 3994 hujus,¹
979 3905 1318 3988 teuthonicorum,
1348 3931 1385 3977 οι
1414 3917 1511 3982 ultius
1532 3921 1727 4006 insculptam

171 4021 235 4084 etsi
257 4019 420 4096 recentis,
455 4029 489 4080 et
518 4017 623 4082 veteri
651 4013 746 4078 Latio
776 4005 940 4098 ignotae,
979 4007 1137 4076 offerunt.
1161 4011 1288 4076 Placuit
1305 4015 1428 4081 Eriaao
1450 4027 1650 4086 crotoniutos
1667 4042 1727 4086 eos

45 4147 49 4156 ·
171 4135 280 4186 tamen
312 4141 425 4186 seram
456 4139 585 4208 eausam
617 4117 824 4204 ignoramus,
855 4136 921 4202 quo
966 4115 1146 4206 appellare
1175 4113 1362 4180 aCrotouc¹
1394 4118 1506 4184 italiae
1531 4121 1632 4200 urbe,
1665 4125 1727 4188 sed

170 4227 278 4288 miuus
299 4202 531 4309 indignemur,
560 4221 589 4286 si
611 4239 675 4303 qua
702 4234 808 4304 atyma
831 4233 922 4286 vete·
978 4237 1107 4281 cansam
1127 4237 1194 4280 nou
1218 4215 1335 4280 adiert.
1378 4219 1481 4284 Nobis
1506 4221 1629 4290 isthaec
1651 4247 1727 4310 peu

167 4353 203 4394 rs
227 4349 293 4394 nou
324 4325 544 4412 percipimus,
575 4321 743 4409 quando'
734 4345 769 4386 tu
790 4322 919 4406 origine
977 4319 1054 4384 inde
1074 4333 1180 4384 sunto.
1226 4316 1478 4410 Quiauctorem
1499 4329 1600 4409 magis
1621 4329 1654 4392 iu
1675 4329 1726 4392 itis

171 4431 426 4506 vocabulorum,
466 4447 550 4512 quae
586 4439 675 4492 setas
703 4437 815 4489 nostra
845 4446 918 4510 par·
975 4421 1338 4500 curiosumdeeiderat,
1359 4424 1633 4518 adoatOlearium
1649 4450 1726 4494 mox

134 4537 298 4611 »turirit‚
339 4531 566 4596 adhaeremus.
624 4528 815 4603 Verisimile
855 4539 916 4606 est,
974 4505 1181 4589 laudantium.

167 4641 213 4700 sic
233 4639 339 4701 dictus
363 4658 381 4700 a
401 4634 504 4700 serbo
523 4631 639 4697 Italico
658 4637 828 4728 conterno,
860 4643 916 4694 aut
1038 4631 1167 4690 iamin
1187 4627 1301 4728 primis
1329 4629 1409 4693 artis
1440 4645 1572 4696 nostrae
1594 4631 1724 4699 incuna-

167 4741 293 4807 Gsilico
316 4749 468 4816 contuor,
492 4735 581 4822 quud
604 4747 786 4800 extremam
810 4731 915 4814 cujus·
974 4730 1060 4794 bulis
1081 4731 1143 4795 hos
1164 4733 1255 4818 inter
1275 4728 1326 4796 roi
1356 4735 1557 4799 monetariae
1579 4735 1710 4803 abortus
