4226 5500
557 531 634 606 an
669 532 957 610 voruntas
989 535 1325 617 sacrncvn.
1666 572 1714 650 ρ.

169 701 315 782 Tegeam
337 697 485 764 meminit
506 701 671 787 Polybius.
704 705 803 788 (Hist.
821 706 861 768 L.
871 706 911 776 V.

164 820 196 864 e.
215 807 282 886 aq.)

357 992 393 1054 P.
404 989 476 1058 Sea.
494 989 558 1058 col.
572 1011 598 1056 ι.
617 992 676 1054 lin.
691 1015 718 1060 ι.

229 1107 318 1203 Quin
351 1121 387 1174 et
416 1109 506 1174 idem
536 1110 595 1176 ille
625 1113 745 1195 Tylissi
775 1136 909 1194 numus,

163 1229 263 1295 quem
293 1210 327 1272 in
356 1209 463 1276 Gotba
492 1233 548 1275 sua
577 1214 723 1298 vulgarit
750 1217 909 1296 Liebeus,

162 1313 273 1391 fusus,
308 1314 502 1398 spuriusque
531 1314 615 1380 adeo
644 1318 732 1381 risus
755 1321 909 1384 est-lulio

162 1415 348 1499 Schliigero
382 1415 486 1479 musei
517 1397 660 1480 Gothani
686 1421 829 1498 custodi,
873 1435 910 1504 ut

160 1519 243 1601 ipse·
259 1518 364 1581 iassae
381 1529 431 1581 est
445 1518 479 1580 in
499 1519 638 1603 epistola
659 1539 743 1584 anno
765 1523 844 1603 1768
868 1523 909 1588 ad

160 1619 329 1684 libellium
346 1621 483 1706 scripta,
501 1643 596 1706 quam
611 1621 682 1706 ipse
698 1636 808 1712 teneo.

290 1825 330 1889 P.
342 1823 415 1888 322.
433 1825 497 1892 cvl.
511 1847 538 1890 ι.
554 1839 632 1911 post
648 1827 710 1893 lin.
722 1827 774 1892 25.

238 1979 243 1986 “
337 1979 417 2042 Art
430 1981 578 2042 TEMI
582 1979 636 2044 SI
640 1983 677 2046 V
676 1983 727 2048 M.

220 2133 330 2197 Plinio
345 2133 422 2196 urbs
438 2136 611 2215 Euboeae,
626 2119 699 2201 aliis
714 2153 902 2222 promonto-

157 2235 261 2311 rium,
283 2236 340 2298 ubi
363 2221 601 2301 Themistocles
623 2241 799 2303 Persarum
822 2243 902 2307 clas·

155 2321 237 2399 aem'
249 2339 382 2403 attrivit.
407 2341 508 2402 Forte
529 2339 592 2402 fuit
613 2340 691 2404 urbs
713 2359 901 2424 promonto-

154 2439 207 2502 rio
229 2439 389 2504 adstituta.
422 2433 664 2508 'Autonomum
689 2441 780 2510 dedit
802 2445 901 2509 Sesti·

154 2562 235 2604 nus:
259 2544 408 2626 (Lettere
427 2545 467 2607 Τ.
480 2545 521 2610 V.
542 2567 575 2628 p.
585 2545 721 2627 XLVI.)

223 2645 331 2726 Caput
361 2647 518 2710 Herculis
549 2648 691 2710 imberba·
722 2652 759 2710 in
794 2649 901 2712 leonis

151 2748 296 2808 exuviis.
318 2744 498 2814 SAPTE.
533 2749 641 2832 Caput
667 2751 778 2828 cunis,
805 2743 877 2834 infr

152 2846 262 2911 clava.
286 2848 356 2910 AR.
371 2849 429 2914 IV.
870 2867 873 2880 '

215 2947 336 3032 Suapte
359 2962 462 3033 patet,
492 2949 635 3033 positum
657 2949 690 3010 in
712 2949 776 3014 hoc
797 2970 896 3012 numo

152 3069 268 3110 canem
291 3069 385 3112 causa
406 3051 547 3132 Dianae,
574 3044 768 3134 Aeaeyodoc,
794 3073 896 3136 aqua

152 3151 277 3234 oppido
295 3173 427 3220 nomen.

216 3254 297 3316 Aa.
323 3255 460 3322 BRHR.
554 3298 558 3308 ·

325 3441 363 3504 P.
375 3437 448 3516 334.
467 3439 530 3504 eol.
545 3453 574 3504 a.
591 3439 652 3504 lin.
665 3455 714 3530 27.
812 3431 827 3444 “

210 3531 327 3635 Vide,
343 3579 425 3642 quae
455 3558 497 3622 de
524 3556 631 3620 numia
656 3558 706 3619 his
728 3559 890 3644 argenteis

130 3658 294 3742 Seripho
309 3659 438 3726 tributis
450 3659 604 3724 continuo
619 3658 679 3724 suh
693 3658 818 3744 Siphno
834 3661 890 3727 ob·

147 3761 298 3828 servabo.

321 3949 366 4012 P.
377 3943 451 4012 eet.
468 3945 531 4008 col.
543 3966 570 4004 ι.
589 3945 711 4012 lin-18.

209 4066 398 4150 Impugnavi
414 4065 477 4130 hoc
493 4065 585 4139 loco,
606 4075 642 4124 ut
658 4065 765 4144 vides,
788 4067 888 4132 Sesti·

143 4169 192 4230 nii
208 4170 417 4244 sententiam,
439 4185 555 4230 numos
575 4164 698 4230 similes
714 4167 887 4254 inscriptos

143 4265 222 4336 ΣΕ.
244 4269 387 4354 Seripho
415 4280 612 4352 proterere
634 4289 727 4333 more
755 4271 888 4353 permit·

143 4373 260 4450 tentis,
289 4385 321 4434 at
342 4370 516 4454 inscriptos
540 4363 600 4433 ΣΙ.
623 4369 755 4454 Sicyoni
784 4371 888 4450 viudi-

143 4473 257 4536 oantis.
285 4471 394 4534 Aliter
412 4471 588 4555 disponere
608 4486 798 4556 argumenta
813 4493 886 4536 mea

141 4575 339 4652 debueram,
355 4573 383 4636 si
397 4587 531 4636 testatus
548 4574 635 4638 idem
649 4575 773 4652 fuisset,
788 4574 885 4637 etiam

142 4697 259 4739 isumus
277 4669 352 4739 ΣΕ.
371 4675 457 4758 apud
477 4674 651 4757 Sicyonem
669 4677 827 4762 reperiri,
850 4691 884 4741 et

141 4776 346 4842 statuendum
376 4775 474 4854 adeo,
511 4777 573 4840 hos
599 4797 728 4865 quoque
751 4779 883 4861 Sicyoni

967 705 1096 775 deberi.
1119 709 1245 777 Verum
1264 711 1306 775 e‘n
1321 712 1384 776 tibi
1396 713 1506 778 literas
1524 740 1542 780 a
1561 718 1714 786 Cousine·

967 828 1029 893 ryo
1056 833 1140 874 anno
1166 813 1315 896 proxime
1338 815 1449 900 elapso
1471 817 1511 880 ad
1534 840 1585 883 me
1610 821 1713 900 datas,

967 911 1001 973 in
1024 913 1139 998 quibus
1159 915 1239 977 mibi
1257 915 1435 1002 significat,
1457 920 1595 983 amicum
1619 943 1711 986 suum

965 1015 1147 1079 Rostanum
1163 1017 1247 1102 apud
1265 1020 1402 1084 eandem
1417 1021 1533 1084 urbem
1545 1026 1710 1106 reperisse

965 1139 1098 1203 quoque
1120 1141 1329 1184 nemeaeum
1349 1121 1528 1206 epigraphe
1544 1123 1638 1202 ΣΕ.,
1662 1141 1711 1202 et,

968 1219 1056 1304 quod
1086 1223 1313 1306 consequitur,
1346 1225 1406 1286 hos
1435 1245 1539 1309 aequo
1567 1227 1639 1306 jure
1663 1227 1712 1288 Si·

967 1323 1063 1404 cyoni
1085 1345 1158 1388 esse
1179 1318 1387 1400 tribuendos,
1420 1327 1546 1389 scilicet
1572 1328 1709 1410 perinde

957 1435 1063 1508 etque
1083 1427 1158 1488 illos
1177 1446 1251 1489 cum
1269 1423 1448 1510 epigraphe
1463 1424 1525 1492 ΣΙ.
1557 1429 1617 1488 Cui
1639 1450 1711 1492 sen-

966 1527 1086 1590 tentiae
1108 1541 1145 1589 ut
1166 1527 1264 1590 iidem
1285 1521 1435 1589 iacerent
1453 1527 1516 1589 riri
1532 1531 1708 1613 praeclari,

953 1627 1127 1692 vexistimat
1137 1631 1308 1705 Rostanus,
1324 1629 1554 1693 veteratione
1569 1631 1708 1713 perinde

953 1730 1134 1812 scripsisse
1165 1723 1284 1791 Σιᾶιυωι
1313 1744 1347 1791 et
1373 1724 1523 1804 Σειιυωι.
1560 1751 1606 1794 sc.
1633 1753 1705 1794 cum

964 1821 1191 1916 diphthongos
1202 1835 1245 1895 At
1259 1851 1325 1894 non
1340 1830 1480 1894 advertit
1497 1831 1637 1894 animum
1654 1835 1704 1897 sir

956 1932 1116 2016 insignis,
1151 1933 1389 2017 diphthongum
1414 1933 1450 2018 in
1477 1932 1582 2016 prima
1609 1935 1704 2017 hujus

955 2035 1111 2099 ¹vocabuli
1129 2036 1250 2117 syllaba
1267 2049 1352 2098 stare
1368 2055 1432 2096 non
1449 2055 1557 2116 posse,
1571 2055 1644 2106 oum
1665 2057 1703 2100 ea

952 2157 978 2199 a
996 2138 1103 2220 poetis
1122 2137 1271 2200 omnibus
1288 2157 1362 2199 eum
1379 2137 1514 2200 Graecis
1532 2150 1601 2199 tum
1618 2139 1704 2202 Lati·

958 2238 1009 2300 nis
1024 2253 1210 2302 constanter
1225 2239 1429 2322 corripiatur,
1444 2253 1480 2301 ut
1498 2253 1702 2322 praeteream

959 2359 1069 2402 causas
1100 2339 1178 2402 alias
1213 2340 1289 2410 huic
1326 2341 1533 2421 conjecturae
1567 2343 1701 2404 nimium

959 2440 1124 2504 adversas.
1163 2442 1278 2525 Neque
1308 2441 1437 2518 felicius
1466 2463 1539 2503 rem
1569 2443 1702 2525 expedit

952 2543 1194 2624 Cousineryus,
1217 2542 1293 2605 dum
1311 2544 1454 2606 tenuiter
1469 2545 1631 2625 conjectat
1647 2566 1702 2608 ve·

958 2645 1046 2706 teres
1064 2644 1151 2706 forte
1167 2645 1265 2707 etiam
1279 2645 1448 2726 scripsisse
1465 2637 1597 2722 Σικυων,
1612 2647 1699 2730 quod

957 2744 1115 2828 effugium
1145 2765 1221 2807 sane
1255 2746 1496 2830 perviolentum
1526 2759 1577 2806 est
1608 2747 1698 2808 nullo

957 2845 1153 2930 subiugante
1169 2845 1332 2928 exemplo.
1350 2845 1401 2906 Ad
1418 2847 1498 2910 baec
1513 2847 1540 2908 si
1555 2860 1698 2909 moneta·

955 2948 997 3010 rii
1013 2949 1045 3007 in
1063 2949 1226 3029 argenteis
1243 2947 1308 3009 suis
1321 2945 1426 3008 numia
1446 2947 1608 3010 variarunt
1620 2947 1698 3009 ecri-

952 3049 1064 3113 -hendo
1079 3050 1141 3132 jam
1163 3045 1222 3109 ΣΙ.
1239 3050 1302 3130 jam
1320 3043 1412 3126 21⁴2„
1435 3069 1493 3111 cur
1512 3068 1578 3110 non
1598 3049 1696 3110 etiam
1749 3109 1752 3114 ,

953 3170 1183 3235 nonnunquam
1205 3151 1368 3221 variarunt
1395 3151 1429 3212 in
1457 3151 1581 3226 aeneis,
1615 3171 1696 3233 quos

954 3252 1131 3328 Sestinius,
1155 3272 1302 3336 eumque
1324 3265 1452 3314 secutus
1475 3251 1694 3333 Cousineryus

951 3353 1076 3436 Siphno
1107 3352 1275 3436 ademptos
1308 3353 1439 3434 Sicyoni
1473 3353 1693 3415 restituendos

950 3455 1169 3531 statuunt,·in
1198 3443 1313 3538 quibus
1344 3453 1432 3517 aliud
1459 3475 1534 3545 non.
1553 3443 1692 3536 legitur,

947 3577 1045 3643 quam
1067 3553 1127 3616 ΣΙ.
1157 3557 1312 3619 solitum?
1343 3577 1438 3642 quarn
1467 3555 1692 3618 difficultatem
1717 3555 1721 3568 '

943 3661 1010 3742 <jam
1025 3657 1155 3742 agnovit
1170 3659 1265 3720 etiam
1277 3658 1346 3742 ipse
1358 3657 1587 3738 Cousineryus.
1602 3656 1691 3750 Quid

946 3759 1048 3845 igitur
1068 3761 1101 3820 in
1125 3761 1276 3824 universa
1298 3761 1357 3824 hac
1379 3760 1690 3822 causacoustituen·

946 3861 1046 3925 dum?
1067 3863 1141 3946 Ajo,
1155 3877 1330 3948 argenteos
1347 3863 1407 3925 bos
1421 3883 1536 3922 numos
1553 3877 1690 3946 propter

946 3965 1089 4028 omnium
1105 3983 1271 4027 causarum
1287 3964 1494 4027 concordiam
1505 3963 1595 4024 nullo
1613 3985 1687 4028 esse

944 4082 1040 4152 pacto
1055 4066 1291 4141 dissociamus,
1314 4079 1348 4128 et
1363 4079 1418 4128 aut
1433 4085 1505 4127 esse
1523 4064 1637 4148 Siphai
1653 4079 1688 4128 et

945 4168 1093 4253 Seriphi,
1127 4181 1181 4230 aut
1202 4167 1243 4229 ad
1263 4189 1363 4228 unum
1385 4186 1498 4229 omnes
1521 4166 1684 4249 Sicyonis,

944 4283 977 4334 at
990 4285 1058 4334 tum
1074 4265 1134 4334 ΣΙ.
1151 4283 1184 4332 et
1197 4263 1271 4333 ΣΕ.
1284 4289 1350 4331 non
1365 4267 1547 4354 siguificare
1563 4289 1685 4330 nomeu

943 4373 1051 4452 urbis,
1091 4371 1150 4435 sed
1180 4391 1252 4434 esse
1285 4383 1338 4432 aut
1370 4369 1481 4434 literas
1510 4369 1685 4454 ἆρχαιυσιις

943 4477 1203 4558 magistratuum,
1238 4473 1293 4536 vel
1324 4471 1593 4548 monetariorum,
1629 4485 1683 4534 aut

943 4595 1016 4640 esse
1045 4575 1252 4662 quidcunque
1281 4574 1367 4636 aliud
1396 4573 1490 4637 nobis
1520 4573 1679 4657 ignotum.

941 4681 1027 4742 Ante
1045 4677 1149 4740 omnia
1161 4693 1242 4740 voro
1263 4673 1413 4738 attentius
1427 4695 1499 4739 esse
1515 4675 1680 4760 inquiren»

941 4781 1120 4864 dum,.quo
1140 4777 1189 4842 illi
1206 4779 1239 4839 in
1256 4791 1361 4842 macru
1376 4777 1538 4864 copiosius
1553 4779 1679 4842 soleant
