4226 5500
458 598 534 670 DE
569 593 840 674 losuutto
866 597 1398 684 Htuaalo'ucuttau.
1650 623 1698 676 ru
1743 669 1747 678 .
1778 663 1780 666 .

149 761 289 840 ciliatit
300 763 494 842 amicitiam
514 763 807 842 doctissimorum
821 764 1060 870 -quor'umtpue
1081 761 1257 867 vitalum,
1280 775 1446 877 inprimis
1465 777 1704 854 celeberrimi]
1786 743 1791 756 ⁵

147 899 310 988 Leuci,
338 900 524 990 Mari-ni,
550 919 589 974 ct
606 901 802 975 Odcrici.
1059 982 1064 992 ¹

248 1035 459 1109 Florentiae
478 1057 729 1124 commorans,
753 1031 838 1108 cum
855 1033 1089 1112 Edmuado
1111 1034 1281 1115 Coccbi
1292 1093 1309 1131 ‚·
1328 1061 1418 1118 tunc
1432 1043 1612 1146 temporis
1621 1047 1694 1123 Cu·

146 1166 567 1257 stachuseinumarii,
584 1169 909 1269 infrequentiores
931 1173 1218 1272 disceptationes
1237 1175 1435 1274 ingressus,
1461 1180 1695 1256 occasionem
1770 1201 1772 1206 '

145 1317 280 1378 nactas
300 1317 376 1391 est,
401 1301 580 1401 genuinas
599 1301 702 1382 ideas
724 1305 772 1378 dc
793 1305 895 1376 omui
917 1331 959 1378 rc
980 1307 1144 1380 numeria
1167 1308 1394 1406 explicandi,
1427 1327 1539 1410 atque
1560 1339 1695 1388 novum
1773 1369 1778 1374 -

146 1451 311 1536 systema
324 1461 431 1512 auum
442 1461 635 1512 numerum
647 1437 933 1520 ordinandorum
951 1435 1153 1539 aperiendi.
1182 1442 1298 1542 Cujus
1315 1442 1563 1518 rei-summam
1575 1445 1700 1544 gravis¹

146 1587 260 1646 tatem
271 1569 642 1670 iaciloperapeiitvir
658 1572 833 1670 prudens,
854 1573 938 1670 qui,
960 1573 1136 1646 utanimo
1148 1574 1312 1672 ingenuo
1329 1576 1530 1676 sagacique
1541 1579 1690 1678 praedi·

145 1721 208 1779 tus
229 1721 268 1778 et
276 1705 526 1804 augendarum
542 1705 776 1786 scientiarum
788 1705 1046 1806 cupidissimus
1059 1725 1147 1796 erat,
1168 1705 1293 1793 nullus
1312 1707 1500 1800 dubitarit,
1522 1710 1611 1810 quin
1627 1712 1696 1788 ho·
1775 1753 1778 1759 ·
1866 1741 1870 1748 ·

146 1834 283 1912 minem
305 1837 454 1912 doctum
478 1855 517 1912 et
536 1839 768 1938 ingeniosum
785 1841 923 1938 Magno
939 1837 1035 1913 Duci
1053 1840 1246 1940 Iseopoldo
1270 1844 1543 1918 commendaret
1566 1862 1695 1945 utpote

148 1973 322 2071 dignum,
348 1971 409 2047 cui
431 1996 520 2075 cara
540 1973 663 2046 Musei
688 1998 881 2047 numerum
901 1973 1109 2048 Placentini
1127 1976 1341 2048 secuudum
1370 2003 1505 2052 novum
1535 1997 1702 2078 systema·

146 2105 345 2180 ordinandi
369 2105 669 2181 committeretur.
702 2109 786 2207 Quo
804 2105 959 2180 'munere
984 2106 1189 2181 honorifico
1209 2125 1345 2182 noster
1369 2129 1411 2184 ut
1438 2135 1580 2184 summo
1612 2138 1704 2196 suc·,

147 2263 274 2328 cassu,
301 2240 353 2313 ita
370 2239 590 2314 brevissimo
609 2239 784 2338 temporis
809 2241 929 2337 spatio
948 2239 1164 2338 perfunctus
1181 2237 1249 2314 cst.

248 2363 371 2473 Quare
392 2373 574 2472 Lcopoldi
599 2361 726 2470 lllagr'ri
747 2371 866 2446 Ducis
887 2373 1064 2470 singulari
1083 2373 1198 2470 gratia
1213 2372 1489 2448 commendatus
1508 2321 1697 2476 Augustae

147 2507 375 2606 imperatrici
397 2505 772 2596 MariaaTlrcresiae,
797 2506 979 2582 Viennam
998 2531 1185 2595 reversus,
1208 2524 1296 2604 post
1315 2507 1553 2582 abolitionem
1578 2513 1697 2587 socie·

147 2642 234 2716 tatis
256 2639 494 2730 lesuitarom,
535 2641 719 2726 Annua
750 2639 924 2712 thesauro
962 2639 1144 2712 Caesareo
1170 2665 1364 2712 uumorum
1394 2665 1695 2743 gemmarumque

147 2791 313 2852 veterum
344 2792 396 2848 et·
410 2773 466 2848 rei
486 2771 715 2872 antiquariae
737 2771 776 2844 in
793 2770 1038 2848 Universitate
1061 2770 1346 2846 Vindobonensi
1370 2772 1561 2850 docendae
1583 2802 1691 2876 praa·

148 2909 361 2992 lactescat

248 3041 341 3118 Cum
372 3043 447 3143 jam
476 3059 567 3118 tunc
593 3037 641 3118 de
679 3037 825 3118 edendo
848 3063 964 3143 opero
995 3038 1148 3140 egregio
1169 3038 1368 3140 cogitaret,
1408 3039 1510 3139 quod
1547 3040 1696 3117 tandem

149 3179 223 3252 An.
241 3185 335 3261 ttts'
353 3178 394 3248 in
413 3176 531 3252 lucem
544 3175 691 3278 prodiit,
716 3176 752 3250 ei
764 3176 916 3266 Deoia,
941 3174 1203 3250 celeberrimus
1222 3174 1543 3275 praeclarilihellii
1562 3176 1602 3247 in
1619 3203 1699 3250 mu·

147 3335 241 3385 aare
263 3301 541 3386 Bibliothecarii
563 3309 740 3386 Caesarei
760 3309 884 3385 Aulioi
905 3332 1117 3400 successor,
1142 3307 1424 3384 commentarios
1446 3307 1492 3382 de
1513 3333 1554 3381 rs
1572 3334 1700 3384 numa·-

146 3443 204 3519 ria
220 3443 399 3519 allbellio
416 3445 567 3519 relictos
588 3443 738 3518 tradidit
757 3443 857 3516 hunc
871 3443 911 3514 in
931 3442 1054 3532 linem,
1080 3459 1122 3515 ut
1136 3440 1177 3513 in
1194 3439 1446 3516 elucubrando
1468 3467 1582 3541 opere
1600 3445 1700 3518 nous

149 3595 190 3652 et
203 3577 581 3654 animadversionibus
602 3577 765 3676 magistri
781 3575 983 3660 doctissimi
995 3575 1238 3675 adjuvaretur.
1274 3573 1418 3674 Quibus
1435 3576 1578 3649 auxiliis
1598 3577 1706 3670 usus,

148 3711 293 3786 Eclthcl
308 3712 348 3784 ia
361 3737 476 3812 opere
499 3737 567 3787 suo
585 3735 717 3788 numos
737 3709 880 3785 vetares
892 3709 1098 3784 secundum
1117 3731 1253 3782 novum
1273 3733 1380 3781 auum
1397 3725 1559 3810 systema
1579 3711 1620 3783 ia
1640 3736 1702 3785 or*

150 3845 274 3920 dinem
299 3845 497 3943 disposuit,
523 3871 568 3922 ac
587 3845 680 3948 juris
698 3844 841 3948 publici
861 3844 954 3918 fecit
982 3842 1030 3942 a),
1066 3840 1178 3945 Quod
1199 3858 1361 3944 systema
1382 3845 1457 3944 jam
1483 3844 1611 3944 paullo
1641 3845 1709 3922 su·-

149 3979 229 4053 sius
249 3979 495 4078 explicemus,
521 3997 682 4081 oportet.
1109 4059 1110 4062 ,

256 4103 551 4190 interemtores
571 4115 627 4190 rei
649 4098 837 4189 numeriae
857 4129 963 4202 sunt,
990 4105 1054 4211 qui
1075 4132 1152 4184 non
1182 4103 1255 4183 nisi
1276 4127 1387 4184 unum
1414 4105 1614 4188 alterumve
1637 4135 1704 4211 ge·

150 4273 222 4323 nus
262 4273 458 4344 numorum
479 4249 656 4349 colligere
674 4251 834 4324 student.
870 4249 1034 4349 Quorum
1057 4245 1096 4318 in
1114 4243 1281 4318 ordinem
1299 4243 1492 4344 dispositio
1515 4245 1608 4318 nibil
1631 4246 1704 4320 dif·
1801 4281 1804 4290 v

150 4383 328 4459 licultatis
348 4383 472 4460 habat.
498 4384 613 4458 Aliud
635 4383 781 4458 obtinet
803 4383 844 4454 in
861 4379 1074 4456 ordinandis
1096 4376 1398 4468 collectionibus,
1423 4403 1556 4453 numos
1582 4381 1704 4454 omnis

151 4522 300 4620 generis
320 4523 461 4596 veteris
481 4519 560 4596 aevi
580 4513 924 4620 complectentibus.
948 4518 1004 4606 Ex
1023 4538 1099 4587 usu
1114 4512 1263 4612 quidem
1284 4513 1469 4588 communi
1492 4515 1580 4587 olim
1599 4516 1704 4630 numi

186 4785 227 4857 a).
240 4783 329 4842 Numi
348 4795 462 4844 ueteres
476 4782 613 4846 anecdoti
628 4801 663 4840 cx
676 4782 784 4852 liuteis
795 4783 941 4840 Caesareo
956 4776 1193 4846 Vindoboneusi,
1207 4775 1378 4835 Florentino
1393 4776 1500 4852 Magni,
1511 4777 1602 4834 Ducis
1617 4775 1707 4846 Etru,

151 4933 157 4950 ,
240 4879 319 4948 riae,
340 4879 529 4938 Grauelliano
544 4899 624 4938 nunc
635 4879 793 4948 Caesareo,
812 4869 976 4947 Vitzaiauo,
993 4873 1218 4942 festaticsiano,
1242 4873 1431 4949 savorgnano
1440 4871 1554 4933 Veneto
1573 4870 1707 4972 aliisque⁸

236 4975 372 5036 Viennae
385 4975 521 5036 Austriae
533 4987 602 5041 ttts
622 4975 652 5034 in
669 4983 724 5040 4²⁰·
