4226 5500
400 526 488 606 ,ω
1005 505 1408 586 ’ΔΒΒΕΝΒΑ

445 709 505 754 nes
519 677 809 750 hisSssanidarnm
823 681 928 745 numia
940 679 1078 748 insertas
1091 679 1194 766 expli·
1250 681 1339 768 ginta
1355 675 1468 756 duos,
1507 695 1589 765 quos
1605 665 1767 744 museum
1795 647 1973 746 &comeum

448 801 560 868 caret;
582 785 724 870 reliquas
747 803 862 848 corum
884 805 995 849 causas
1011 782 1192 869 modosque
1250 783 1405 850 continet.
1876 785 1886 804 '

451 886 705 974 iereueglexit.
737 885 867 952 Adeas
889 885 1086 952 evolvendae
1113 906 1192 948 usus
1313 882 1411 978 Quod
1441 881 1483 949 ad
1514 895 1608 968 typos
1638 884 1770 963 attinet,
1799 886 1855 950 rix
1882 884 1974 949 babeo
2077 975 2078 980 γ

449 1007 501 1060 ast
515 987 781 1074 inscriptionibus
796 985 880 1066 illis,
911 1009 993 1074 qaae
1011 1001 1138 1054 exstant
1158 986 1193 1050 in
1251 985 1341 1074 quod
1360 985 1476 1053 addam
1495 983 1538 1048 sd
1559 1005 1615 1064 ca,
1643 1007 1727 1070 quae
1748 987 1814 1050 boc
1834 988 1906 1051 loco
1923 989 1977 1071 jam

447 1093 802 1168 Nuircbi-Romtum,
838 1091 914 1154 loco
936 1111 1051 1176 parum
1077 1088 1196 1152 disun-
1252 1088 1433 1174 generatim
1461 1088 1633 1174 praecepi,
1665 1089 1749 1166 etsi,
1778 1088 1835 1170 qui
1854 1103 1975 1152 maetam
2077 1145 2078 1176 ,

447 1211 482 1262 te
501 1219 520 1260 a
542 1193 839 1272 Teleda-minet,
876 1191 934 1256 ubi
959 1192 1125 1275 hodieque
1148 1191 1197 1253 in·
1252 1191 1337 1256 banc
1357 1204 1484 1278 partem
1503 1189 1644 1254 curatius
1665 1191 1789 1267 vellet,
1814 1191 1917 1254 laxum
1935 1190 1999 1255 ba·

449 1313 503 1364 ter
526 1297 648 1378 amplas
678 1293 788 1358 ruinas
827 1297 998 1360 columnae
1024 1294 1097 1360 XL.
1122 1311 1196 1358 cnm
1252 1292 1350 1357 beret
1377 1291 1419 1356 ad
1449 1292 1653 1375 conjecturas
1682 1313 1835 1376 campum
1861 1306 1983 1376 propter·

449 1396 665 1466 admiratione
685 1395 939 1480 conspiciuntur,
964 1416 1058 1480 qnae,
1077 1408 1113 1458 ut
1127 1394 1200 1460 vnl-
1253 1392 1411 1458 inlinitum
1428 1393 1617 1460 varietatem
1633 1393 1667 1454 ia
1683 1395 1776 1456 cultu
1791 1394 1936 1476 capitum,
1953 1410 1978 1458 at

453 1523 496 1586 go
511 1497 676 1574 ereditur,
702 1497 797 1559 sucre
810 1517 890 1584 pars·
901 1497 1023 1560 veteris
1037 1499 1199 1579 Persepe·
1254 1495 1457 1577 adjectorum
1474 1494 1626 1579 utrinque
1642 1495 1830 1582 signorum,
1847 1495 1903 1557 sed
1914 1519 1982 1579 quac
2077 1535 2078 1568 ,

451 1603 509 1678 lis,
534 1619 652 1682 regum
666 1599 842 1662 Persarum
859 1595 963 1674 sedis,
989 1617 1124 1682 quarum
1141 1617 1200 1660 nu·
1256 1596 1364 1660 omnia
1380 1597 1452 1662 solo
1470 1607 1602 1680 aspectu
1616 1607 1756 1678 possunt
1771 1596 1906 1681 percipi,
1922 1615 1983 1664 ren
2077 1585 2078 1616 ¹

451 1703 504 1766 bis
524 1699 778 1784 descriptionem
806 1699 933 1764 dedere
956 1711 1006 1768 tot
1027 1697 1092 1763 viri
1112 1697 1201 1762 cele-
1255 1698 1307 1762 bis
1337 1696 1494 1782 explicari
1521 1715 1586 1758 non
1611 1712 1762 1780 possunt.
1801 1700 1918 1760 Horum
1938 1701 1983 1784 ria

450 1800 591 1866 berrimi
606 1797 770 1881 cinnomus,
793 1823 875 1888 quos
892 1799 980 1864 idem
1003 1819 1077 1885 pag.
1091 1821 1118 1866 a.
1132 1797 1199 1864 col·
1256 1799 1379 1886 aliquid
1401 1797 1557 1862 delibavit
1579 1799 1710 1882 Sacyus.
1744 1801 1798 1862 De
1820 1799 1899 1861 binis
1917 1801 1981 1868 risis

452 1907 560 1969 lectos
576 1901 672 1964 sistit.
1257 1921 1331 1966 arae
1348 1899 1561 1976 adstantibus,
1579 1900 1782 1964 hauddubie
1800 1900 1982 1966 custodiendi

517 2007 592 2068 Hoc
618 2004 719 2090 igitur
737 2003 795 2067 ille
810 2003 905 2066 nixus
921 2001 1132 2066 fundamento
1151 1999 1199 2062 in·
1257 2003 1341 2067 sacri
1354 2003 1437 2088 ignis
1454 2022 1558 2077 causa,
1574 2001 1627 2078 ait,
1651 2004 1741 2084 (pag.
1756 2005 1841 2084 sqq.)
1856 2023 1908 2066 eos
1920 2025 1981 2086 pro·

455 2107 652 2192 scriptiones
675 2103 726 2188 bis
748 2105 854 2168 numis
874 2107 1013 2168 insertas
1038 2105 1201 2186 interpre-
1255 2117 1371 2190 pterea
1396 2103 1480 2166 sacis
1506 2101 1546 2164 ab
1568 2101 1644 2186 igne
1668 2125 1786 2168 aversa
1808 2104 1979 2186 plerumque

455 2209 520 2274 tari
538 2205 739 2293 aggreditur,
755 2221 789 2270 ct
804 2207 851 2270 sic
865 2205 980 2270 harum
991 2227 1099 2282 unam,
1115 2222 1197 2290 quae
1255 2205 1410 2291 proponi,
1433 2224 1474 2267 ne
1489 2203 1517 2264 is
1532 2201 1634 2265 halitu
1651 2204 1855 2287 profanetur.
1874 2211 1979 2270 Tamen

457 2325 562 2376 exstat
573 2309 607 2370 in
618 2331 728 2386 numo,
747 2329 843 2394 quem
861 2329 933 2372 esse
948 2305 1079 2392 Saporis
1096 2305 1202 2389 cajus-
1257 2308 1299 2372 de
1320 2306 1424 2390 capite
1440 2305 1581 2368 humano
1599 2305 1669 2389 igni
1686 2305 1859 2388 imposito,
1883 2323 1914 2372 et
1933 2329 1980 2371 cur

456 2415 543 2496 piam
568 2411 733 2486 adfirmat,
762 2411 814 2472 his
836 2409 947 2475 verbis
970 2408 1096 2472 Gallice
1125 2405 1202 2468 red·
1257 2423 1328 2474 tum
1354 2421 1492 2492 uterque
1519 2419 1627 2468 custos
1649 2406 1734 2470 facie
1762 2406 1803 2472 sit
1827 2409 1866 2472 ad
1889 2410 1979 2493 ignem

453 2513 519 2577 siit:
548 2513 770 2578 L'edornteur
790 2511 988 2588 d’Ormusd,
1009 2509 1205 2574 l’cecellcnt
1259 2531 1434 2588 conversa,
1456 2507 1578 2571 nullam
1599 2507 1679 2572 fecit
1699 2499 1905 2576 mentionem.
1928 2510 1981 2594 sp

456 2615 580 2698 Sapor,
614 2617 668 2676 roi
689 2613 747 2674 des
772 2613 842 2674 tois
863 2613 904 2672 ds
931 2611 1058 2688 I'Ircn,
1092 2631 1204 2702 germs
1259 2625 1369 2698 paret,
1396 2629 1512 2674 numos
1535 2629 1610 2672 cnm
1631 2610 1695 2672 boc
1718 2623 1800 2694 typo
1818 2633 1886 2676 esse
1902 2612 1980 2676 valde

457 2715 579 2780 edente
602 2714 662 2796 (ou
688 2733 726 2774 ce
754 2715 813 2791 qur'
832 2723 884 2774 cst
908 2711 944 2773 le
966 2719 1068 2774 meme
1089 2713 1202 2795 chose)
1260 2734 1372 2790 raros,
1388 2735 1463 2774 nam
1481 2731 1596 2774 eorum
1613 2711 1742 2772 nullum
1761 2713 1796 2772 in
1810 2713 1912 2776 aeneis
1926 2713 1979 2774 suis

456 2817 637 2882 delerare
654 2811 983 2876 adtestedesdieur:
999 2813 1110 2877 ethoc
1130 2833 1204 2897 pac·
1259 2815 1378 2878 tabulis
1396 2813 1543 2898 protulit.
1564 2815 1691 2900 Eorum
1708 2813 1808 2876 binos
1826 2813 1910 2876 dedit
1923 2814 1982 2874 Pel

458 2932 494 2980 to
521 2915 659 2980 aliorum
682 2913 778 2995 hujus
802 2912 913 2976 classis
935 2934 1107 2980 nnmerum
1136 2913 1204 2998 cpi·
1259 2916 1413 2994 lerinius,
1437 2915 1540 2978 fassus
1560 2927 1683 2992 tamen,
1712 2915 1884 2999 singularis
1903 2915 1981 2998 hujus

458 3019 607 3104 graphan
638 3015 822 3099 explicare,
861 3026 895 3076 et
922 3013 1079 3098 judicium
1108 3036 1203 3080 snum
1258 3017 1327 3103 typi
1350 3039 1385 3080 se
1407 3037 1535 3098 causam
1558 3017 1721 3101 ignorare.
1751 3017 1980 3101 (Supplemlli

460 3141 603 3206 operosa
620 3117 800 3180 rationibus
819 3113 965 3178 stabilire
983 3117 1102 3200 pergit.
1124 3141 1133 3169 s
1260 3141 1291 3206 p.
1305 3120 1373 3202 37.)
1400 3119 1482 3182 Cum
1503 3120 1566 3182 boc
1584 3131 1780 3201 argumento
1802 3119 1910 3183 decem
1928 3137 1982 3182 oua

523 3219 686 3304 Equidem
712 3217 826 3292 video,
852 3217 893 3280 cL
910 3230 1077 3282 auctorem
1093 3217 1133 3281 ad
1154 3239 1203 3296 ea,
1260 3222 1339 3286 nino
1352 3233 1430 3284 tunt
1446 3221 1480 3282 in
1495 3241 1608 3282 museo
1623 3223 1798 3284 Caesareo.

461 3341 544 3406 quae
575 3319 768 3404 scripserat,
807 3339 881 3380 cum
909 3320 1036 3382 ratione
1064 3333 1204 3404 apteque
1329 3323 1390 3386 Est
1408 3321 1441 3382 in
1463 3321 1581 3386 eodem
1597 3344 1716 3386 numus
1734 3324 1937 3407 perelegans,
1955 3319 1982 3381 in

458 3421 695 3496 confirmanda,
720 3441 786 3483 non
806 3419 904 3482 modo
928 3421 1127 3504 praeclaram
1145 3419 1207 3482 lin·
1263 3423 1356 3508 cnjus
1371 3423 1506 3487 adversa
1523 3437 1573 3488 cst
1591 3438 1741 3508 protome
1761 3423 1900 3501 adversa,
1914 3423 1982 3485 facie
2077 3453 2078 3480 l

459 3545 597 3611 guarum
628 3521 836 3585 orientalium
869 3521 1110 3608 cognitionem,
1148 3519 1208 3584 sed
1266 3525 1364 3588 senili
1379 3537 1413 3588 et
1427 3525 1574 3604 barbata,
1599 3527 1634 3588 in
1652 3545 1771 3591 aversa
1785 3538 1925 3608 protsme
1941 3521 1983 3586 ad·

463 3627 613 3690 laborem
631 3645 760 3710 quoquc
777 3623 991 3700 indefessum,
1008 3623 1210 3708 patientiam·
1265 3647 1379 3702 persa,
1403 3627 1488 3690 facie
1507 3627 1642 3712 juvenili
1660 3641 1694 3690 et
1710 3627 1864 3702 imberbi,
1887 3624 1937 3689 sed
1952 3643 1985 3685 ex

465 3747 531 3814 qne
558 3727 715 3790 attulisse.
745 3725 869 3790 Verum
894 3747 960 3788 non
985 3747 1049 3810 ego
1076 3727 1104 3789 is
1121 3731 1208 3806 sim,
1267 3729 1389 3814 capite,
1408 3726 1985 3814 autponecaputflammaeinaltum
2077 3791 2078 3804 ,

467 3828 524 3914 qui
554 3828 624 3910 ejus
650 3825 766 3889 dictata
797 3827 852 3890 vel
875 3826 1066 3912 impugnare
1089 3830 1208 3906 ausim,
1267 3831 1418 3894 emicant.
1441 3832 1514 3894 Non
1530 3829 1653 3906 dubito,
1670 3827 1984 3914 utroqueboccspite

466 3929 522 3994 vel
549 3925 749 4011 adprobare,
771 3949 866 4012 qnam
887 3929 1054 4012 suscipere
1079 3931 1212 4014 proriu-
1266 3931 1409 4017 proponi
1438 3947 1564 4016 patrem
1594 3947 1628 3996 et
1657 3930 1777 4007 filiam,
1809 3929 1985 4014 eumquein

467 4031 550 4094 ciam
568 4051 632 4092 nnn
650 4041 775 4112 potest,
793 4029 859 4090 nisi
874 4029 930 4111 qui
945 4031 1112 4112 pertinace
1129 4035 1212 4096 mul·
1268 4033 1364 4096 nullo
1380 4033 1485 4097 adhuc
1505 4033 1731 4098 Susanidarum
1749 4054 1847 4096 numu
1863 4033 1894 4094 iu
1910 4043 1985 4114 parte

466 4147 575 4194 torum
600 4151 758 4194 annorum
790 4130 896 4193 studio
922 4130 962 4195 ad
984 4133 1211 4216 cognoscenda
1267 4155 1381 4202 aversa
1398 4136 1641 4202 observaverim
1655 4137 1755 4202 alium
1769 4145 1891 4219 typum,
1907 4151 1985 4217 qnam

466 4233 598 4316 linguae
634 4231 788 4294 Persicae
820 4231 955 4318 ejusque
986 4235 1211 4298 characterum
1268 4257 1344 4300 arae
1370 4235 1509 4321 ignitae,
1543 4235 1661 4314 credo,
1699 4235 1883 4300 adstitutum
1914 4253 1984 4318 pone

467 4335 619 4418 mysteria
641 4331 803 4408 incubuit,
830 4355 891 4417 qua
912 4333 945 4396 in
967 4333 1138 4419 disciplina
1156 4357 1209 4400 me
1267 4337 1394 4422 ignem,
1410 4359 1452 4402 ne
1470 4359 1562 4403 sacra
1576 4338 1657 4401 haec
1671 4337 1839 4423 religionis
1853 4337 1982 4400 Persicae

468 4436 563 4520 plane
583 4453 654 4498 esse
677 4433 792 4496 rudem
809 4455 846 4497 ac
866 4435 1039 4520 hospitem,
1057 4437 1211 4502 lubenter
1267 4441 1375 4525 imago
1389 4461 1430 4504 ex
1443 4461 1542 4502 numo
1557 4433 1653 4524 plane
1668 4441 1834 4504 exturbata
1846 4439 1980 4504 rideatur.

467 4536 637 4619 proiiteor.
683 4537 788 4599 lurnti
822 4535 887 4601 viri
923 4537 1043 4601 eruditi
1077 4555 1210 4604 conatus
1274 4601 1277 4614 ,
1332 4539 1469 4605 Nonnisi
1487 4542 1601 4605 unicus
1624 4543 1718 4626 hujus
1741 4541 1867 4627 generis
1885 4559 1981 4602 numus

467 4636 604 4698 multum
626 4637 823 4718 potuissent,
850 4637 878 4698 si
896 4637 1053 4702 adhibere
1071 4639 1109 4702 ad
1130 4641 1212 4724 judi·
1269 4664 1311 4708 ex
1330 4665 1409 4708 asro
1428 4665 1531 4728 usque
1548 4643 1647 4706 modo
1661 4659 1711 4708 est
1725 4645 1885 4728 cognitus,
1902 4655 1980 4724 atque

470 4735 554 4798 cium
581 4735 739 4818 potuisset
762 4759 878 4800 numos
905 4737 1000 4822 hujus
1025 4741 1137 4806 classis
1156 4743 1212 4806 tri·
1267 4747 1296 4812 is
1311 4765 1353 4810 cx
1366 4765 1480 4809 museo
1494 4747 1676 4810 Pellerinii.
1692 4747 1766 4828 (lc.
1778 4745 1854 4808 'l'ab
1866 4747 1900 4806 ll.
1914 4763 1980 4839 ¹¹·1.)
