4226 5500
475 1184 1268 1362 ΙΑΒΒΕΝΒΑ

897 1428 968 1486 ΑΙ)

324 1531 1546 1692 votvMunretmvm

705 1907 1153 1940 ----—·-—-··-·

423 2241 505 2320 Peg.
521 2235 637 2300 XXV.
839 2255 842 2260 ·
965 2237 1066 2301 inisse
1080 2236 1211 2320 majoris
1226 2234 1439 2318 aestimatum,
1456 2257 1551 2322 quum
1566 2249 1714 2328 cuprum,

159 2288 236 2398 De
253 2333 396 2401 admixto
410 2351 561 2402 monetae
577 2357 696 2402 aureae
712 2357 814 2422 cupro
831 2335 906 2406 vide
966 2337 1148 2422 etquidem
1165 2337 1274 2422 pretio
1291 2337 1396 2401 altero
1415 2351 1515 2403 tanto.
1546 2341 1640 2406 Unde
1657 2366 1714 2409 ue·

157 2439 344 2502 testimonia
371 2458 413 2502 ex
437 2439 641 2522 Pachymerc
667 2439 753 2526 apud
776 2438 907 2504 Gibbou
965 2439 1109 2504 cessario
1136 2439 1309 2525 consequi,
1344 2459 1407 2524 pro
1439 2440 1554 2505 eadem
1585 2447 1713 2528 argenti
1800 2425 1802 2434 ’

158 2560 231 2624 cap.
244 2539 283 2602 tu
303 2541 409 2606 Temo
425 2541 497 2604 ΧΠ.
514 2561 545 2626 p.
558 2539 634 2616 430.
895 2611 897 2616 ,
965 2541 1118 2626 portione
1153 2540 1259 2604 minue
1294 2541 1379 2604 acris
1415 2543 1590 2618 monetarii
1620 2543 1712 2624 ssavi,

565 2716 571 2726 1
966 2663 1061 2728 quam
1084 2640 1195 2726 Cyprii
1217 2641 1318 2706 fuisse
1338 2663 1526 2727 repensum.
1555 2647 1655 2731 Atqui
1681 2663 1714 2712 et

240 2729 325 2808 Peg.
335 2725 472 2792 XXIX.
489 2729 551 2822 cel.
567 2749 594 2790 t·
606 2739 684 2810 post
701 2729 761 2792 Ιίπ·
776 2733 823 2802 14·
963 2743 1082 2806 mirum
1098 2743 1161 2804 sibi
1177 2743 1293 2820 videri,
1310 2745 1361 2807 rei
1377 2745 1620 2810 numismaticae
1633 2751 1712 2812 scri·

222 2843 355 2910 Verium
381 2846 467 2908 huuc
491 2845 576 2910 aeris
594 2845 728 2909 modum
747 2845 906 2928 cumple·
962 2844 1642 2933 ptoreeutrumqoehuucmodumpassim
1658 2869 1714 2926 ne,-

158 2947 254 3032 rique
278 2945 435 3010 hactenus
462 2947 638 3012 crederent
663 2946 748 3032 apud
773 2960 905 3012 veteres
964 2947 1122 3032 gleeiece.
1146 2949 1184 3008 lu
1208 2953 1303 3009 canen
1325 2945 1428 3009 suisne
1452 2947 1629 3026 existimat,
1653 2971 1712 3014 seu

158 3049 260 3112 sumre
286 3047 510 3128 arbitrarium,
533 3069 642 3132 neque
660 3061 836 3134 propterea
852 3069 906 3114 au·
964 3049 1053 3133 quod
1077 3069 1172 3132 causet
1191 3046 1391 3111 inhaerentis
1408 3049 1572 3134 aeruginis
1588 3065 1710 3114 utrum·

159 3165 270 3228 ctum,
287 3151 533 3215 imminutumre
549 3150 640 3213 numi
660 3149 844 3235 praetium,
864 3148 906 3214 ad
965 3171 1029 3234 que
1047 3163 1175 3215 temere
1191 3149 1434 3234 permiscuere,
1464 3171 1524 3214 ceu
1545 3137 1714 3236 quod'hac

159 3273 398 3338 quemeumque
416 3252 549 3316 modum
565 3273 681 3315 numne
697 3273 818 3316 aeneus
831 3273 906 3338 per·
963 3267 1074 3316 nostra
1090 3265 1195 3332 aetate
1209 3272 1264 3315 aee
1280 3249 1399 3314 ssavum
1415 3272 1482 3316 uon
1499 3254 1636 3317 multum
1652 3257 1713 3338 Cy·
1744 3241 1752 3266 ¹

160 3357 298 3433 tineret,
325 3357 386 3418 fuit
405 3375 512 3439 nuper
530 3353 571 3418 cl.
588 3353 822 3431 Pinitertouus,
850 3353 906 3438 qui
963 3354 1055 3439 prio,
1077 3353 1205 3439 pretio,
1228 3365 1262 3416 et
1283 3353 1416 3432 valore,
1439 3369 1593 3438 praestat.
1621 3359 1712 3421 Haec
1824 3375 1829 3386 ·

158 3457 284 3520 verium
307 3469 458 3521 monetae
477 3475 599 3520 aeneae
614 3457 755 3540 pretium
771 3475 838 3539 pro
852 3476 905 3520 va·
962 3455 1015 3521 vir
1038 3455 1196 3520 eruditus.
1229 3456 1347 3538 (Eeeay
1372 3474 1415 3518 on
1440 3455 1565 3520 medalu
1592 3459 1711 3525 Veii„
1773 3451 1781 3474 '

157 3560 207 3622 ria
222 3559 291 3641 ejus
309 3560 438 3636 indole,
454 3579 491 3622 ec
506 3559 614 3643 pretio
629 3558 809 3620 intrinseco
822 3555 905 3619 adsi·
962 3579 995 3644 p.
1009 3559 1068 3622 rod
1081 3568 1166 3642 aeq.)
1180 3591 1224 3604 -
1242 3557 1374 3640 Operae
1389 3556 1549 3640 pretium,
1565 3557 1598 3620 in
1614 3559 1710 3644 hujue

159 3660 280 3746 guravit.
310 3661 388 3739 Ait,
409 3659 556 3740 instituto
576 3661 730 3726 adcurate
756 3657 904 3722 examine
962 3659 1133 3730 veritatem
1160 3656 1275 3742 judicii
1296 3656 1476 3742 inquirere.
1508 3659 1712 3736 Discrimem

157 3760 235 3825 inde
250 3761 290 3824 ab
305 3761 455 3846 Augusto
470 3757 691 3846 et'deincepe,
707 3781 823 3823 numos
837 3780 906 3822 om·
963 3761 1051 3846 quod
1068 3761 1096 3824 ia
1115 3759 1150 3821 in
1166 3759 1272 3822 nemis
1294 3759 1379 3824 aeris
1398 3759 1490 3838 fluvi,
1516 3763 1709 3848 Cypriique,

157 3883 222 3926 nee
237 3866 266 3926 i.
284 3864 410 3928 formae
431 3878 617 3948 compertos
642 3863 704 3926 eibi
729 3883 801 3928 eaeo
828 3881 906 3925 con·
963 3877 998 3927 et
1012 3883 1075 3946 pro
1092 3861 1181 3926 verde
1200 3860 1332 3946 quidem
1349 3882 1464 3925 eorum
1485 3865 1709 3950 magnitudine

158 3978 246 4028 'stare
269 3983 309 4026 ex
336 3985 414 4028 ecre
437 3964 540 4042 ssavo,
569 3983 628 4029 eeu
653 3963 837 4040 orichalco,
871 3973 907 4024 ct
963 3983 999 4027 ue
1024 3963 1188 4048 reperisse
1213 3961 1377 4040 adfirmat,
1410 3985 1551 4042 vereor,
1576 3979 1612 4029 ut
1637 3968 1710 4050 jure

159 4087 275 4130 eorum
296 4087 341 4131 rte
363 4087 463 4128 uuum
482 4064 614 4150 quidem
636 4086 678 4130 ex
700 4072 818 4150 cupro,
845 4083 905 4129 eeu
962 4065 1065 4150 poerit
1082 4063 1275 4148 praedicari.
1297 4065 1418 4127 Docuit
1435 4085 1488 4128 me
1504 4081 1639 4131 exactor
1660 4069 1709 4132 of-

157 4167 906 4252 aereCyprio.Grandioreeexiie,quoame·
961 4165 1077 4230 ficinee
1103 4166 1321 4244 monetariae,
1355 4186 1437 4251 quae
1462 4179 1513 4229 eet
1537 4168 1622 4252 apud
1648 4193 1709 4236 noe
1768 4209 1770 4215 =

157 4270 233 4333 diae
246 4269 372 4333 formae
386 4269 599 4354 appellamur,
612 4269 672 4331 hoo
687 4287 817 4354 quoque
831 4287 904 4331 esee
961 4267 1195 4346 vindobonae,
1215 4289 1234 4332 a
1253 4287 1306 4330 me
1327 4267 1511 4341 consuitur,
1536 4283 1579 4344 et·
1591 4269 1632 4332 ed
1653 4293 1709 4335 ex·

157 4393 199 4434 ex
216 4391 298 4434 aere
307 4370 404 4437 ssavo.
428 4371 473 4433 At
485 4391 585 4448 vero,
606 4370 663 4456 qui
676 4371 728 4433 hie
742 4383 817 4432 aunt
829 4387 906 4454 pro·
961 4368 1138 4452 plorandos
1155 4368 1390 4434 uumoamueci
1405 4369 1557 4434 Caesarei
1573 4375 1709 4438 arcessi·

156 4473 255 4548 ximi,
270 4486 409 4558 euntque
425 4493 534 4550 aecer,
552 4486 606 4536 aut
618 4470 757 4536 mediam
775 4472 903 4534 unciaru
961 4483 1031 4548 tus,
1049 4471 1175 4534 nullum
1191 4491 1232 4533 ex
1255 4469 1314 4548 iie,
1336 4491 1418 4555 quoe
1437 4471 1469 4534 ei
1485 4473 1637 4558 copiosor
1652 4497 1708 4541 ex·

157 4572 367 4658 adpendunt,
394 4594 466 4636 ecee
491 4594 533 4636 ex
558 4593 672 4658 cupro.
708 4575 778 4638 Jaru
803 4595 903 4652 vere,
960 4571 1153 4649 hibueruru,
1178 4591 1386 4658 eupropuro
1411 4587 1579 4653 constare,
1605 4591 1706 4642 etue

157 4675 380 4760 prosequitur,
394 4674 582 4740 aee'ssavum
592 4677 712 4756 (bross,
727 4676 829 4738 Gallie
842 4678 905 4738 lai·
962 4674 1094 4760 quidem
1107 4695 1163 4739 eos
1177 4675 1302 4738 moduli
1317 4675 1464 4754 minoris,
1478 4697 1559 4762 quoa
1571 4680 1708 4746 Pinlter·

147 4791 235 4855 ¹tou,
259 4775 355 4840 nobie
374 4777 554 4861 Messing),
580 4799 602 4840 a
617 4779 784 4846 retcrihut
800 4779 903 4841 multo
960 4789 1056 4841 tenua
1074 4797 1116 4841 ex
1131 4796 1208 4842 aere
1224 4777 1345 4862 Cyprio
1359 4773 1631 4860 ssatoeediirmat,
1651 4803 1708 4848 ne·

1391 4880 1420 4942 A
1444 4897 1462 4942 u
