4236 5480
1030 439 1243 522 ‘CAPv‘t
1274 449 1374 528 HL.
1435 469 1436 474 ’

417 447 501 546 ete

413 641 474 706 bns
496 651 630 719 agemus
652 629 771 723 serius.
815 626 897 692 Cum
926 625 1004 692 oiim
1030 629 1162 696 rideret
1217 647 1307 706 mus,
1328 630 1462 716 qstops
1476 651 1646 694 munerum
1661 627 1956 694 diversissimorum

414 739 562 812 renatus,
580 734 728 796 inuidere
745 749 842 814 petre
860 743 1023 814 tempore,
1043 733 1160 816 quibus
1217 733 1279 802 sibi
1296 733 1521 816 subjectos-um
1536 731 1575 795 ad
1591 733 1840 817 opprimendum
1859 756 1961 818 popu.

367 835 370 844 ’
413 837 595 908 consularis
622 848 766 920 potestas
797 831 839 898 ed
867 831 1051 916 proesentis
1073 836 1160 917 peri·
1216 833 1284 902 lum
1308 837 1387 900 estis
1410 833 1472 898 tuis
1497 834 1635 910 salidus,
1666 834 1826 900 obnoxios
1852 850 1963 898 tamen

414 943 488 1012 cula
510 938 665 1002 sufficere
693 957 759 1002 non
787 933 972 1011 rideretur,
1000 934 1157 1013 decrerit,
1214 935 1338 1020 jndicio
1359 934 1488 1018 populi,
1512 935 1647 1019 qnando
1664 937 1741 1002 hoie
1764 939 1848 1002 vires
1867 957 1961 1020 prae·

415 1066 490 1112 eunt
512 1063 567 1106 res
589 1041 787 1124 postularet,
816 1037 915 1102 elium
938 1035 1160 1120 magistratum
1218 1052 1269 1104 tto
1294 1037 1410 1110 inere,
1428 1036 1545 1120 quihus
1564 1037 1613 1118 jus
1636 1061 1730 1100 suum
1752 1037 1962 1122 tueretorb).

414 1165 545 1222 oreore,
578 1161 676 1227 quem
694 1139 887 1204 dictatorern
904 1139 1071 1224 appellare
1094 1140 1160 1224 pla·
1216 1141 1260 1203 ts
1279 1157 1359 1206 vero
1376 1137 1403 1198 si
1426 1137 1486 1202 hoo
1503 1137 1579 1222 iege
1600 1140 1794 1223 insperatum
1819 1141 1882 1204 iuit
1896 1145 1962 1204 lto·

414 1250 500 1322 enit,
532 1265 635 1330 penes
653 1263 752 1327 quem
768 1241 850 1306 belli
866 1243 1019 1328 pacisque
1039 1255 1073 1308 et
1091 1263 1161 1306 om·
1217 1259 1307 1316 rite,
1331 1260 1384 1304 nte
1411 1239 1519 1319 judice
1547 1243 1729 1322 praestabat
1755 1243 1888 1320 dicere,
1908 1245 1962 1327 jus

279 1397 281 1406 .
414 1350 506 1412 nium
519 1349 654 1410 aliarum
669 1365 780 1407 rerum
795 1344 891 1426 piens
905 1357 1046 1427 potentes
1061 1355 1160 1420 estet,
1216 1341 1364 1407 fortioris
1387 1362 1572 1430 supremam
1591 1341 1691 1406 fnisse
1713 1345 1897 1428 imperandi
1915 1344 1964 1408 le·

382 1509 402 1528 „
416 1461 451 1512 et
468 1473 486 1512 a
502 1468 566 1532 quo
586 1445 801 1510 consiliorum
820 1443 1046 1530 sacrorumque
1064 1445 1181 1510 rosto,
1217 1463 1309 1524 gem,
1336 1457 1434 1529 atque
1460 1444 1581 1508 eodem
1609 1458 1704 1525 paeto
1733 1445 1875 1530 proflare
1904 1467 1964 1530 po·

416 1571 494 1616 nem
516 1569 695 1632 reposuero
717 1567 783 1610 non
806 1547 943 1624 liceret,
971 1543 1072 1626 tregue
1092 1568 1161 1608 raso
1217 1559 1320 1622 terat,
1351 1547 1552 1627 regimenio
1572 1545 1677 1608 Gattia
1696 1569 1752 1612 sua
1770 1570 1834 1612 oon
1858 1548 1963 1612 inisse

379 1733 382 1741 ,
415 1634 688 1736 ἅςχηιᾶπιῖιιξιυ
711 1646 1088 1732 πολεμιτικαιὲιρηιης,
1110 1669 1159 1710 eor
1217 1646 1481 1722 monarchieum,
1513 1649 1587 1732 quio
1616 1669 1721 1740 nuper
1750 1651 1889 1734 popuius
1911 1672 1965 1714 re·

281 1802 284 1808 .
310 1799 312 1804 ,
415 1775 529 1836 sartor
541 1751 623 1816 etto
634 1772 818 1836 πραγματις
831 1771 943 1830 augear,
958 1746 1161 1829 doroscoro&
1218 1751 1340 1813 voeatis
1357 1751 1438 1826 suis,
1461 1763 1497 1812 ut
1515 1749 1639 1832 ajebat,
1661 1749 1785 1831 juribus
1801 1754 1963 1835 populere

415 1837 689 1930 aassetsonoeuso,
712 1851 750 1916 sir
769 1851 804 1918 ts
828 1855 956 1927 βιληται
979 1874 1029 1915 και
1052 1850 1161 1934 πεαξιι,
1218 1851 1368 1936 regimen
1390 1853 1523 1916 invexit.
1567 1850 1790 1942 Quaecunque
1810 1855 1871 1935 init
1889 1871 1966 1916 can·

415 1969 452 2024 ut
479 1957 523 2019 sit
546 1953 720 2036 Dionysius
737 1953 845 2018 Helie.
862 1955 902 2034 ¹).
944 1953 1044 2039 Atqui
1065 1975 1162 2035 supro
1218 1973 1268 2030 ιι,
1297 1974 1357 2016 our
1376 1955 1610 2037 imperatorum
1633 1966 1776 2036 potestas
1793 1957 1965 2036 praevale·
2092 1931 2093 1952 ἲ

417 2081 461 2124 ex
483 2059 592 2120 Dione
623 2056 780 2131 vidimus,
811 2053 873 2118 etsi
901 2055 1028 2120 sublato
1050 2075 1069 2118 e
1091 2075 1162 2139 rep.
1218 2067 1288 2130 ret,
1318 2075 1378 2118 seu
1404 2057 1478 2138 jure
1504 2055 1590 2120 istud
1616 2055 1754 2130 sactum,
1783 2075 1842 2117 sen
1870 2076 1965 2118 usur·

415 2161 565 2246 regisse
593 2155 759 2222 dictatoris
784 2155 933 2232 nomiae,
954 2169 1062 2224 temen
1085 2157 1162 2218 utri·
1218 2158 1368 2238 potione,
1404 2172 1437 2220 et
1468 2157 1632 2239 ingratiis,
1663 2167 1789 2218 eertum
1821 2170 1891 2232 est,
1922 2156 1964 2220 ab

416 2281 520 2346 usque
554 2259 733 2344 potentiam
758 2257 812 2326 ,in'
830 2257 1036 2341 imperatorie
1065 2256 1161 2322 tituto
1219 2257 1257 2320 iis
1281 2257 1405 2334 iibere,
1435 2261 1498 2336 etsi
1518 2281 1536 2322 a
1558 2258 1641 2321 iulio
1663 2259 1821 2336 Caesare,
1850 2261 1965 2341 Augu·

416 2362 552 2430 includi.
595 2362 686 2444 Ergo
708 2359 735 2421 si
754 2360 910 2426 Caesares
931 2377 1027 2424 court
1050 2357 1161 2420 eoliati
1204 2373 1290 2434 eto,
1313 2360 1447 2430 Tiberio
1469 2359 1610 2435 cautius,
1632 2359 1733 2422 inisse
1754 2359 1962 2441 imperaturo,

415 2463 552 2528 honoris
573 2460 776 2543 imperatorii
793 2459 874 2522 belii
889 2459 1065 2546 ¹p'sscisque,
1094 2480 1162 2524 otn-
1189 2475 1253 2530 ,et
1274 2461 1315 2524 se
1345 2482 1460 2525 eorum
1486 2461 1655 2524 indolere
1677 2457 1809 2542 ingenio
1838 2482 1964 2547 pepen-

416 2567 571 2649 stumque
601 2583 713 2626 rerum
744 2562 838 2624 fuere
869 2561 1000 2638 arbitri,
1030 2561 1057 2622 si
1087 2582 1162 2646 que·

1219 2563 1322 2639 disse,
1353 2566 1461 2626 utru'm
1485 2559 1619 2626 mellent
1639 2561 1680 2625 ad
1698 2561 1871 2626 erbitrium
1892 2585 1965 2627 tee-
2092 2565 2093 2586 ¹

417 2687 545 2752 ossaque
565 2664 600 2726 in
618 2684 655 2728 re
673 2663 796 2746 judicio
817 2683 882 2726 non
904 2661 998 2726 fuere
1017 2661 1160 2740 obnoxii,

417 2769 624 2834 menifestum
652 2765 763 2850 utique
795 2777 861 2840 est,
891 2785 965 2828 eum
992 2765 1020 2828 is
1049 2763 1160 2830 titulus

416 2871 572 2946 accessit,
602 2867 803 2952 principibus
829 2889 892 2930 una
920 2889 1048 2932 merum
1070 2867 1162 2930 obso-

416 2975 587 3056 lntumque
609 2967 800 3052 imperium,
822 2981 857 3034 ut
874 2969 919 3034 sit
935 2968 1159 3054 spanhemius,

417 3075 605 3144 sucessisse.
640 3151 643 3158 Ι

479 3178 571 3240 Heee
601 3184 674 3237 utut
701 3169 796 3254 piens
825 3187 901 3238 tunt
926 3191 963 3242 eu
986 3169 1160 3246 evidentia,

417 3289 451 3342 et
474 3299 493 3340 a
518 3276 597 3336 viris
625 3274 755 3338 eoseiis
782 3275 1046 3358 gravissimisque
1072 3293 1162 3339 oem-

416 3377 567 3462 probeta,
591 3374 686 3440 tusrs
711 3389 834 3452 tameo,
856 3376 912 3460 qui
938 3374 980 3438 de
1002 3375 1077 3458 jure
1102 3373 1162 3436 im·

415 3479 583 3566 peratorio
602 3477 768 3552 subtilius,
790 3499 828 3542 so
843 3476 1042 3560 speciosius,
1064 3497 1160 3560 quem

416 3581 544 3656 verius,
574 3579 792 3662 solidiusque,
821 3579 935 3646 saitem
953 3592 993 3644 ut
1014 3579 1094 3644 mitri
1116 3579 1162 3642 ri-

417 3685 552 3756 dentur,
581 3679 803 3762 disputavere,
846 3683 931 3747 Ante
963 3701 1064 3748 annos
1094 3699 1160 3743 non

416 3783 538 3848 multos
568 3781 735 3844 Bleterius
757 3781 888 3855 Gallus,
921 3780 971 3852 eir
1001 3781 1160 3860 eruditus,

415 3875 586 3950 tractatum
608 3883 694 3954 bene
717 3883 851 3962 longum
882 3883 1095 3966 conseripsit,
1124 3885 1187 3946 in*

416 4007 480 4074 quo
498 3983 668 4069 repudiata
691 4003 807 4048 eornm
829 3985 1007 4060 sententio,
1031 3984 1160 4068 qoi'po·

414 4091 541 4156 litieum
564 4087 626 4152 snb
647 4085 899 4167 imperatoribus
921 4087 1070 4168 regimen
1088 4109 1162 4150 mo.

314 4237 317 4242 -
414 4191 604 4256 amanteum
632 4187 824 4263 credidere,
852 4188 1068 4273 comprobare
1089 4191 1161 4252 niti·

416 4307 487 4369 tur,
507 4312 575 4358 non
593 4291 694 4358 inisse
711 4275 793 4354 ittu'd
811 4290 872 4352 nisi
890 4291 1160 4368 aristocraticum,

417 4396 509 4476 eujus
542 4409 719 4478 supremus·
750 4395 936 4478 praefectae
972 4393 1060 4456 aliod
1094 4415 1160 4458 nen

416 4497 534 4573 tuerit,
556 4517 651 4580 quom
671 4497 757 4560 inter
775 4495 981 4579 magistrstos
999 4495 1078 4562 aiios
1094 4497 1160 4580 pri-

1217 2665 1308 2740 vire,
1331 2685 1426 2748 quem
1447 2680 1574 2750 patrum
1600 2663 1861 2748 conscriptorum
1888 2675 1965 2728 sets·

1217 2767 1335 2830 tertios
1370 2767 1480 2850 aliquo
1517 2764 1680 2828 habendes
1718 2767 1795 2829 locu
1833 2779 1963 2850 putere.

1219 2867 1300 2962 Quis
1327 2868 1514 2950 negaverit,
1551 2875 1591 2931 ea
1617 2869 1654 2930 'in
1683 2867 1821 2948 regione
1851 2869 1965 2950 perfe-

1217 2983 1302 3031 etom
1322 2967 1569 3031 existimandam
1586 2968 1823 3046 monarchiam,
1845 2969 1879 3030 io
1899 2991 1965 3053 qur
2092 3027 2093 3030 ,

1217 3089 1300 3132 unns
1321 3071 1474 3154 idemque
1496 3071 1563 3149 vir,
1594 3091 1788 3154 quoeunque
1815 3072 1965 3146 eminen-

1217 3171 1282 3234 tiae
1304 3169 1365 3232 sibi
1387 3171 1540 3236 deorstse
1559 3173 1714 3250 nomine,
1738 3175 1860 3255 ,legum
1890 3174 1963 3236 sire
2092 3219 2093 3250 ,

1217 3273 1502 3356 antiquandorum,
1537 3273 1608 3338 sire
1637 3274 1855 3357 rogandarum
1870 3353 1873 3360 Ι
1886 3293 1965 3356 per·

1216 3375 1510 3458 haedorumque,
1532 3375 1672 3464 regendi
1685 3377 1819 3452 aerarii,
1841 3373 1964 3452 dueen-

1218 3477 1252 3538 di
1279 3478 1460 3550 exereitus,
1490 3475 1571 3538 beili
1599 3477 1770 3562 pacisque,
1799 3491 1835 3541 et
1858 3479 1966 3540 sanci·

1217 3577 1377 3642 endorum
1411 3575 1584 3642 foederum
1618 3579 1719 3643 habet
1754 3591 1964 3662 potestatem,

1217 3701 1314 3762 quem
1333 3678 1464 3763 quidem
1484 3700 1642 3759 summanr
1659 3681 1761 3744 fuisse
1780 3701 1883 3763 penes
1903 3683 1967 3744 im·

1217 3795 1387 3863 peratoree
1398 3783 1563 3844 Romanos
1575 3783 1646 3866 quie
1660 3785 1744 3846 ausit
1756 3784 1807 3844 ire
1820 3783 1962 3846 infitias?

1216 3881 1339 3964 Negoti
1375 3882 1506 3966 nequit,
1540 3883 1642 3948 fuisso
1679 3885 1823 3948 honores
1864 3906 1965 3969 qnos·

1218 3985 1291 4050 dem
1319 4001 1361 4046 ee
1385 3983 1515 4059 titulos,
1544 3985 1601 4068 qui
1629 3998 1664 4047 nt
1694 3986 1755 4048 rati
1784 3985 1887 4068 raige
1906 3987 1964 4048 ita·

1217 4086 1394 4164 bersntur,
1417 4108 1461 4152 ex
1480 4100 1596 4150 vetere
1616 4105 1710 4150 more
1732 4101 1863 4151 senatos
1885 4101 1963 4152 oon·

1218 4189 1304 4252 tuito
1326 4187 1456 4254 inerant
1476 4188 1695 4264 decernendi,
1713 4189 1806 4272 eujus
1828 4193 1963 4273 generis

1218 4291 1312 4354 inere
1331 4293 1598 4356 consecrationes
1618 4289 1813 4375 principum.
1834 4293 1879 4355 At
1894 4310 1972 4370 non.

1218 4389 1355 4455 deerant
1381 4393 1537 4476 Augusti,
1568 4393 1625 4478 qni
1654 4407 1688 4456 et
1713 4393 1770 4458 has
1798 4391 1964 4474 negabant

1217 4517 1237 4560 ι
1258 4517 1314 4560 sus
1335 4495 1530 4560 conterendi
1550 4507 1712 4578 potestate
1734 4515 1806 4558 esse
1825 4495 1968 4582 alienas..

424 4642 1961 4676 *numm—*W

454 4705 485 4774 ι)
503 4701 538 4760 L,
555 4703 590 4761 V.
610 4723 678 4780 pag.
697 4713 763 4770 333·
863 4702 898 4776 b)
918 4705 950 4761 B.
970 4703 1002 4760 L.
1023 4704 1107 4761 item.
1127 4705 1209 4764 Tum.
1228 4705 1350 4766 xxvtl.
1371 4725 1438 4784 pag.
1456 4712 1525 4772 458.
