4244 5484
521 443 598 529 ue
633 382 1005 528 Tntnvtttrts
1036 442 1409 522 roresrsrs.
1650 466 1741 538 ns

186 629 229 696 P.
249 627 291 700 X.
312 623 376 692 add
398 622 574 709 arripuisse
595 621 786 709 imperium,
816 628 944 718 conspi·
1001 627 1135 708 nolunt,
1166 643 1219 695 sut
1242 651 1370 702 mecum
1393 629 1560 710 confiteri,
1582 637 1666 702 hanc
1687 659 1746 725 po-

185 743 272 798 tunt
292 726 574 812 chronologorum
597 728 806 811 peritissimi,
827 741 862 792 et
883 749 944 800 nos
1000 743 1151 796 testatem
1179 747 1253 796 suto
1280 735 1402 812 exitpnr
1425 727 1539 811 intulis
1560 735 1662 809 inisse
1685 741 1747 810 ite·

187 853 271 897 curn
298 831 385 907 illis,
415 843 452 893 ut
480 830 621 902 diximus
648 831 682 898 iu
708 843 840 902 rnoneta
862 835 945 896 'l'rc-
1000 847 1103 900 ratem
1125 837 1200 898 anni
1222 835 1394 918 principio.

189 935 338 1018 bundeni.
367 935 569 1017 contingere
591 931 679 999 istud
700 931 807 996 serius
828 952 943 997 meuse
985 953 989 962 ’
1066 939 1222 1008 Ceterum
1237 937 1339 1016 uclirn
1355 937 1451 1022 hujus
1468 959 1561 1006 ureae
1577 939 1746 1008 doctrines

163 1047 346 1124 'Augusto
368 1055 435 1102 nou
456 1034 618 1128 potuisse,
642 1033 740 1102 docel
762 1033 943 1108 t'ttlsnnn·
999 1035 1099 1102 litleut
1122 1037 1164 1100 ad
1185 1059 1301 1101 numos
1325 1039 1483 1117 Gallieni,
1511 1054 1545 1104 et
1571 1043 1746 1129 inscriptos

190 1143 260 1204 tius
277 1144 323 1222 ¹),
351 1157 413 1202 uos
440 1135 475 1200 is
502 1156 621 1199 sununs
646 1149 821 1208 exeuntem
845 1136 944 1200 distu-
1000 1139 1051 1203 his
1072 1140 1253 1208 tribunatus
1275 1139 1452 1224 explorari.
1489 1143 1571 1206 Nutu
1594 1159 1668 1208 suut
1691 1147 1749 1210 bo.-

194 1243 305 1304 limus·
348 1240 465 1306 Fuisse
500 1237 688 1302 Gallienum
723 1239 787 1320 jam
823 1239 942 1304 eodem
999 1263 1074 1324 rum
1103 1239 1169 1303 uon
1197 1243 1308 1324 pauci,
1337 1243 1372 1304 iu
1402 1239 1519 1328 quibus
1547 1245 1649 1327 juncti
1671 1268 1747 1321 cnm

189 1345 263 1409 lsoc
284 1363 369 1408 suno
390 1341 467 1405 trib.
486 1353 647 1424 potestate
669 1338 808 1426 perinde
830 1361 867 1406 sc
890 1359 944 1423 pan
999 1342 1065 1406 illis
1103 1344 1287 1408 consulatus
1324 1365 1395 1408 essu
1432 1358 1545 1428 aperte
1584 1361 1747 1422 evertunt.

87 1509 96 1538 ί
192 1461 282 1510 trem
326 1443 526 1530 prsedituru,
570 1429 722 1526 praeter¹
744 1431 943 1514 tribunatum
1002 1443 1090 1538 Quid
1111 1445 1236 1530 igitur?
1260 1469 1299 1510 ιιι
1322 1447 1463 1525 cessnbis
1485 1447 1748 1529 fallerenttuaus
1785 1511 1788 1516 ,

191 1549 305 1623 Xl'ls,
338 1551 394 1632 qui
416 1548 487 1632 ejus
509 1559 695 1636 postremus
718 1543 796 1622 luit,
825 1559 860 1608 et
887 1565 945 1608 ue·
1001 1549 1169 1634 aspernari
1196 1549 1406 1628 seutentiam,
1437 1565 1472 1620 et
1493 1551 1648 1634 amplecti
1670 1549 1749 1614 ulte·
1834 1607 1835 1612 ,

169 1637 339 1713 ·ce'sssrio
369 1655 403 1711 iu
433 1671 552 1716 annum
589 1649 631 1715 V.
659 1647 699 1712 C.
731 1664 807 1710 ross
843 1648 943 1726 eadit,
1000 1646 1095 1713 ram?
1125 1653 1195 1716 lmc
1218 1670 1298 1714 sero
1321 1673 1338 1714 s
1362 1649 1500 1726 malleo,
1522 1664 1559 1714 ut
1580 1651 1685 1734 ajunt,
1706 1652 1748 1714 ad

191 1751 314 1838 probet
330 1751 428 1818 etiam
445 1769 589 1821 mus-mor
605 1748 797 1826 llurstorii,
825 1749 860 1810 in
878 1770 943 1835 quo
990 1749 1163 1824 incudem.
1200 1753 1330 1824 Etenim
1349 1753 1451 1821 alters
1470 1773 1600 1838 quoque
1619 1767 1749 1816 senten.-

191 1851 285 1914 idem
311 1853 494 1917 tribunatus
519 1853 593 1915 Vll.
616 1849 770 1916 tribuitur
793 1861 857 1915 tans
879 1853 944 1920 Va·
1000 1852 1045 1915 tia
1068 1872 1143 1934 epm
1165 1853 1199 1914 in
1222 1855 1355 1916 modurn
1385 1853 1503 1918 iisdem
1525 1853 1619 1916 nodis
1642 1855 1748 1937 impli·
1802 1927 1806 1936 ι

191 1954 479 2040 1ειίιιιο,ἰ]ιιιιιι
523 1951 675 2017 Gallieno
700 1949 744 2035 b),
789 1951 943 2016 Eundem
1000 1965 1173 2030 estur,'ut
1195 1955 1265 2039 ejus
1287 1955 1649 2042 patronusBsndusios
1671 1978 1747 2040 pro·

191 2077 314 2116 sunum
344 2057 385 2125 V.
417 2059 453 2122 C.
489 2071 564 2118 suar
604 2055 705 2120 luisse
737 2035 968 2146 postremum‘
999 2055 1086 2117 literi
1109 2077 1176 2118 nou
1198 2079 1274 2128 rsro
1297 2073 1449 2142 cogatur,
1471 2058 1749 2122 hosillosvenu·

190 2157 356 2234 Gallieni,
376 2171 412 2222 et
433 2156 741 2245 primumsslsudii,
771 2169 861 2242 patet
879 2156 946 2222 eti·
1000 2177 1072 2224 suos
1098 2157 1189 2220 festis
1216 2175 1329 2242 aperte
1358 2179 1555 2246 repugnat-e.
1597 2159 1690 2242 Ergo
1712 2174 1747 2221 et

189 2281 245 2326 ssu
275 2279 318 2324 ex
348 2279 409 2337 eu,
441 2259 529 2350 quod
559 2277 644 2323 enno
673 2259 825 2344 proximo
849 2258 943 2323 Clan-
998 2257 1062 2342 ipsi
1089 2259 1196 2336 numi,
1226 2259 1378 2329 nimirum
1409 2263 1494 2328 male
1525 2260 1648 2324 sinceri
1667 2259 1747 2344 ejus

189 2361 266 2424 dius
299 2381 393 2424 mors
427 2361 622 2446 plerumque
656 2374 794 2445 recepto
822 2360 943 2432 ,consul
986 2359 1073 2424 'aeri
1111 2373 1230 2437 testes,
1274 2362 1537 2444 experimentum
1576 2361 1746 2447 praebent,

189 2464 367 2546 processit.
411 2464 552 2532 Ceesuus
596 2461 783 2526 Gallienum
827 2481 941 2524 utenss
996 2451 1101 2546 ,quatu
1117 2462 1227 2524 nullus
1247 2463 1349 2539 ordo,
1372 2464 1462 2526 nullu
1483 2463 1566 2526 ratio
1588 2463 1622 2522 in
1644 2461 1748 2526 letio·

191 2565 331 2641 Mustio,
352 2577 574 2638 ,tenemusex
597 2563 785 2642 Trebellio,
808 2563 864 2647 qui
885 2583 942 2628 no·
999 2563 1090 2629 ribus
1121 2565 1219 2627 etisut
1251 2561 1351 2630 rubes
1382 2549 1572 2649 inperante*
1594 2563 1746 2632 Gallieno

189 2685 238 2728 nu
260 2667 337 2732 Ksl.
363 2670 466 2752 April.
491 2669 624 2733 ellatuus
649 2666 682 2726 iu
708 2667 824 2728 urbem
849 2665 942 2730 Clun-
992 2662 1194 2728 constiterit.
1239 2663 1351 2758 Quare
1394 2685 1467 2728 curn
1514 2665 1746 2729 dissidentibus

190 2767 241 2831 dit
263 2767 303 2832 sd
325 2769 500 2852 imperium
530 2767 637 2832 erecti
666 2766 823 2842 nuncium
844 2765 943 2850 sigui·-
998 2766 1071 2830 uliis
1093 2763 1147 2829 alii
1170 2767 1279 2852 legem
1309 2787 1415 2830 meent
1437 2765 1535 2830 facile
1557 2783 1747 2853 sequnntur,

186 2867 326 2954 ficare).
371 2871 421 2940 Vt'
435 2871 525 2934 numi
547 2869 687 2933 Romani
708 2867 860 2932 Gallieno
886 2865 943 2931 tri·
996 2882 1034 2938 ,et
1062 2869 1183 2937 cottum*
1208 2869 1322 2953 iniquo
1353 2867 1479 2932 calculo
1506 2867 1745 2958 ,qualiscunque

189 2971 296 3036 bunut
317 2973 499 3041 tribunatus
523 2973 628 3050 Xyl,
657 2971 704 3038 sic
726 2968 943 3042 Alexandrini
994 2967 1061 3041 alis
1082 2967 1241 3033 sententia
1263 2989 1368 3064 seque
1390 2970 1534 3044 laboret,
1555 2965 1622 3033 non
1641 2971 1747 3066 patiar

184 3095 295 3144 uncos
317 3077 367 3150 lt·-
548 3135 554 3142 ,
995 3093 1018 3138 a
1039 3089 1114 3134 tneo
1137 3093 1191 3142 nse
1211 3069 1377 3149 institute,
1398 3071 1668 3158 praecedentium
1686 3073 1746 3134 iru-

255 3181 307 3240 Er
335 3177 403 3253 his,
433 3195 516 3259 quse
543 3173 643 3238 uredo
673 3171 942 3242 commemorsri·
997 3187 1187 3260 perstorum
1217 3159 1325 3240 nuntii
1362 3185 1427 3238 tsm
1460 3173 1563 3237 nitide
1592 3191 1747 3254 comprus

191 3299 281 3354 snus,
310 3291 418 3362 petet,
449 3277 546 3338 etiarn
574 3277 609 3338 iu
639 3276 792 3348 Gallieno
821 3274 941 3338 fallere
997 3271 1075 3347 bato
1103 3273 1283 3351 dimoveri,
1314 3273 1490 3358 praecipue
1524 3297 1598 3365 cum
1629 3273 1745 3340 adrer-

182 3399 310 3446 uuruns
341 3379 553 3456 sententium,
595 3377 650 3463 qui
680 3377 780 3458 natali
809 3363 942 3458 imperii
998 3373 1296 3446 ssriisnullarstiu
1310 3390 1444 3464 praesto
1463 3377 1521 3453 sit,
1545 3377 1745 3448 tribunatum

187 3481 342 3544 iteratum
364 3480 441 3545 trib.
462 3493 659 3564 potestatem
682 3479 814 3546 docent.
857 3477 941 3542 Num
995 3479 1083 3550 xvt.
1103 3499 1176 3543 euru
1195 3477 1343 3542 doctrina
1359 3500 1415 3542 sus
1428 3477 1640 3550 conciliandi.
1683 3479 1747 3543 Ce-

188 3579 221 3646 si
241 3581 358 3646 natalis
379 3583 433 3646 bic
454 3582 516 3646 fuit
532 3602 650 3649 rueuss
672 3584 821 3664 Augusto
842 3580 884 3646 V·
900 3580 940 3650 (l,
997 3593 1106 3644 terum
1120 3600 1258 3644 necesse
1274 3600 1340 3642 nou
1356 3595 1406 3644 est
1420 3594 1595 3665 repetere,
1617 3580 1673 3668 qui
1686 3603 1744 3647 nu·

192 3687 276 3748 roob
306 3686 345 3746 P.
374 3686 415 3748 x.
445 3685 526 3764 253,
555 3685 632 3750 trib.
662 3695 806 3768 potestas
835 3681 939 3758 ΧΠ,
997 3683 1043 3744 uri
1068 3683 1205 3766 siugulis
1231 3681 1403 3754 sententiis
1429 3695 1484 3748 ιιιι
1511 3682 1657 3757 obstent,
1688 3696 1745 3745 eut

187 3807 289 3872 quaus
320 3787 464 3850 Gallieni
502 3786 593 3850 nurui
629 3785 791 3863 offerunt,
830 3783 941 3874 coepit
994 3783 1137 3850 lassant.
1177 3787 1247 3876 Eos
1268 3805 1332 3870 ego
1352 3769 1646 3852 lceosucsunssua
1668 3803 1744 3846 curn

188 3891 313 3954 eodem
344 3907 458 3952 mense
490 3890 529 3955 V.
561 3889 598 3952 δ’.
624 3908 700 3950 roes
732 3887 770 3950 P.
801 3883 841 3948 x.
865 3883 939 3950 nott.
995 3886 1079 3964 lide,
1111 3888 1381 3962 etpdcurstione
1411 3907 1453 3950 ex
1484 3873 1656 3967 catalogis,
1687 3883 1744 3968 qui
1782 3879 1786 3890 '

189 3991 319 4056 vernn
330 3978 502 4054 Gallienus
515 4001 667 4056 -tttorlttns
678 3989 743 4074 juin
763 3999 833 4051 erat
850 4007 939 4050 meu·
997 3975 1194 4053 sinceriores
1216 3987 1278 4053 risi
1300 4003 1388 4067 suut,
1412 3987 1581 4072 congessi,
1603 3997 1639 4046 ut
1658 3983 1742 4048 adeo

187 4113 228 4158 se
250 4095 371 4156 Martio
393 4093 547 4177 ‚ejusdem
575 4093 667 4168 suni,
697 4113 762 4177 quc
789 4103 940 4173 tempore
998 4090 1101 4155 cuivis
1132 4090 1229 4153 laeils
1259 4090 1317 4170 sit,
1354 4110 1412 4154 ecs
1444 4110 1519 4152 curu
1549 4105 1743 4174 quecunque

187 4196 374 4262 secuudum
403 4218 462 4261 eos
492 4196 645 4260 currebat
667 4195 737 4278 ejus
756 4193 939 4266 tribunatus
992 4191 1126 4256 libitum
1136 4191 1241 4256 ⁴fuerit
1255 4193 1415 4256 sententia
1431 4189 1742 4255 contendere.'Nou

186 4301 266 4374 XV.
309 4301 402 4382 Ergo
415 4314 455 4366 ,ut
473 4319 587 4363 eorum
608 4299 756 4362 doctrine
775 4295 940 4372 consistat,
995 4295 1127 4361 ridetur
1140 4293 1204 4358 boc
1220 4294 1295 4359 loco
1307 4288 1742 4370 petiesnduur,(3bamillsr.

189 4419 332 4466 neeesse
350 4415 417 4480 est,
441 4416 495 4464 aut
514 4403 688 4485 imperium
699 4399 862 4476 Gallieni,
885 4411 940 4461 aut
994 4397 1074 4458 durn
1088 4399 1121 4458 iu
1135 4396 1380 4470 dissertatione,
1401 4417 1485 4482 quse
1502 4405 1552 4460 est
1568 4393 1602 4453 iu
1616 4395 1741 4459 Memo-

181 4493 266 4586 ejui
282 4518 423 4574 mortens
442 4504 574 4590 longius
594 4501 748 4582 differre,
770 4501 858 4601 pund
876 4501 940 4586 ipsi
990 4500 1054 4564 riis
1076 4499 1360 4568 Trercltiensibus
1381 4497 1545 4566 Novenb:
1564 4502 1646 4579 s7'to'
1665 4511 1739 4579 Peg.

226 4721 261 4790 s)
282 4720 313 4776 iu
331 4717 512 4777 Tt'ebuuiuu.
532 4728 601 4778 nota
620 4715 672 4781 Ill·
772 4717 808 4788 b)
827 4717 896 4794 Peg.
914 4719 977 4782 460·
997 4725 1024 4780 5.
1124 4719 1155 4788 o)
1177 4716 1207 4776 in
1227 4713 1334 4776 Claud.
1353 4737 1378 4776 c.
1397 4726 1424 4782 4.
