4206 5482
590 505 667 581 ιι
702 505 887 616 nunus
922 509 1228 638 vrou'ottvn.
1559 490 1568 509 ’
1610 543 1699 616 ,,,

134 690 230 758 arada
249 653 453 776 incomplato
478 705 632 763 votorum
653 695 752 762 etiam
774 696 886 762 ciuili·
942 713 996 760 me
1017 677 1217 782 pmeatitiare
1246 698 1413 778 exiatirno,
1445 699 1595 772 votorum
1624 724 1703 775 ata·

134 791 255 858 tudine
285 791 425 876 ampliu·
446 795 719 864 ’.οοιιοΙίᾶιιιι
715 797 861 893 1'Qeid
850 819 885 862 nn
943 812 1028 878 tum,
1047 814 1205 886 quatenoc
1227 799 1255 864 it
1277 801 1419 888 intelligi
1440 825 1480 871 ex
1502 811 1609 880 nuntie
1621 832 1687 896 po·

134 895 205 960 hoc
227 893 408 960 milenum
429 897 583 964 Caesarei
602 898 729 962 calculo
751 899 887 984 praea'ti·
943 915 1036 980 teat,
1071 901 1248 988 propositio
1288 903 1467 971 obaervatia
1506 929 1685 996 exponere

81 1067 88 1074 ,
136 998 242 1075 terit,
267 995 352 1060 alibi
366 975 526 1077 diximua',
557 1001 691 1085 quidm
711 1015 886 1088 praetento
945 1015 1041 1089 quae·
1059 1003 1209 1088 quidem,
1251 1005 1396 1091 quiaquia
1425 1003 1548 1074 attente
1578 1015 1689 1096 perte·
1752 1091 1756 1098 .

138 1111 294 1166 votorum
321 1114 548 1181 argumento,
564 1105 626 1166 etai
648 1123 790 1189 operoae
811 1125 900 1168 oon·
946 1106 1049 1190 gerit,
1072 1105 1162 1168 ultro
1184 1103 1357 1182 fatebitur,
1387 1110 1524 1192 cingulis
1546 1116 1714 1182 eructu·

137 1203 286 1285 acripto,
316 1211 406 1263 teoto
436 1204 551 1319 megia
571 1201 706 1280 difficile
728 1219 790 1272 eat
800 1207 889 1270 doci·
943 1228 1017 1270 rum
1035 1205 1222 1284 sententiis,
1245 1226 1323 1289 quaa
1341 1217 1611 1292 commemorari,
1635 1238 1711 1300 pa·-

138 1302 241 1379 dere,
272 1300 378 1386 quin
367 1325 431 1386 Jam
451 1304 594 1387 primum
619 1329 748 1374 caueant
772 1310 886 1392 ipanm,
944 1309 1009 1372 lem
1032 1308 1208 1372 adtenuari.

136 1423 237 1491 qnam
258 1423 468 1490 propugnare
497 1422 531 1470 et
552 1411 719 1496 explicare
740 1411 899 1478 intendes
1008 1409 1101 1502 Quae
1124 1430 1206 1493 ergo
1228 1411 1261 1472 in
1283 1411 1334 1476 hia
1365 1413 1512 1502 teneltrie
1534 1416 1575 1478 ed
1598 1431 1690 1482 voto·

140 1521 212 1584 rat,
243 1519 309 1570 tam
337 1504 513 1592 ambigue,
539 1525 574 1574 et
600 1513 740 1578 obscure
768 1533 889 1596 propo·
944 1533 1018 1575 rum
1040 1511 1290 1596 intelligentiam
1313 1509 1466 1582 videntur
1483 1537 1580 1598 ponae
1606 1521 1701 1597 erui„

139 1611 222 1688 ruit,
243 1622 281 1673 ιιι
302 1609 388 1676 vel
379 1631 412 1672 ιι
412 1601 500 1675 hoc
520 1613 648 1676 nobia'
638 1629 821 1701 interprete
846 1617 889 1678 ait
945 1615 1027 1679 haec
1048 1615 1120 1678 iere
1143 1615 1294 1697 reperio:
1317 1615 1394 1678 inde
1416 1615 1456 1680 ab
1471 1619 1652 1702 Augeato
1642 1633 1691 1682 ιι·-

139 1733 241 1796 opua,
271 1731 308 1774 ac
333 1711 476 1797 denique
498 1716 649 1780 universa
674 1719 745 1802 ejus
769 1717 889 1782 doctri·
946 1717 1097 1780 stitutore
1119 1713 1308 1782 decennalia
1328 1717 1418 1782 annia
1434 1717 1475 1782 X.
1497 1723 1618 1786 exactis
1641 1723 1690 1786 fu·

140 1835 184 1878 na
214 1814 404 1898 conquisitis
434 1810 579 1902 undique
610 1839 652 1882 ex
683 1819 820 1882 hietoria
849 1838 887 1890 ac
945 1820 1010 1880 isse
1042 1819 1163 1894 soluta,
1195 1817 1456 1902 aeriua¹temper
1479 1839 1517 1884 en
1539 1821 1690 1904 soluendi

139 1928 273 1978 moneta
293 1928 409 1978 vetere
432 1918 609 2002 exemplia,
639 1939 678 1982 ac
700 1940 799 2004 caepe
820 1920 907 1984 rio·'
946 1938 988 1980 cx
1010 1938 1105 1982 causa
1126 1917 1194 1982 aive
1217 1919 1320 2002 juata,
1349 1921 1419 1986 aive
1441 1923 1611 1988 arbitraria
1633 1939 1689 1989 aut

19 2067 27 2076 .
139 2017 251 2079 lenter
270 2015 311 2081 ad
333 2037 461 2081 cautant
483 2019 604 2084 adacti·
622 2035 817 2106 perpetuum
838 2033 889 2086 ert
945 2019 1046 2083 iuisae
1089 2019 1316 2106 anticipatum,
1368 2038 1423 2086 ιιι
1461 2037 1688 2110 prorogatum.

139 2118 377 2201 aenigmatum,
400 2141 437 2184 ac
458 2121 614 2185 orationis
633 2121 792 2188 obscurae
811 2143 888 2188 com
945 2123 1038 2184 Haeo
1060 2121 1199 2184 uarietaa
1221 2144 1287 2187 non
1309 2123 1343 2185 in
1367 2124 1418 2186 hia
1442 2127 1514 2188 unia
1536 2142 1689 2192 votorum

138 2223 298 2306 fetaeque
319 2237 557 2304 argumentum
945 2221 1133 2286 solennibus
1155 2225 1357 2290 observatur.
1399 2225 1580 2291 Diximus
1571 2251 1604 2289 ιι
1626 2245 1691 2294 ιιι·

203 2323 324 2386 Corin
350 2323 414 2387 hoc
438 2338 589 2389 votorum
608 2305 756 2390 examine
773 2349 886 2411 parum
945 2337 1032 2388 ctatn
1049 2324 1090 2386 de
1110 2325 1280 2390 tribunicia
1297 2337 1476 2409 potestate,
1499 2331 1582 2394 hanc
1603 2335 1690 2415 prin·

137 2423 205 2486 riri
225 2423 262 2486 hi
283 2423 452 2488 clariaaimi
473 2429 692 2511 profecerint,
720 2429 887 2513 duplicem
944 2427 1032 2544 cipio
1053 2441 1241 2492 renovatam
1271 2428 1371 2490 iuiaae
1394 2429 1449 2492 die
1471 2431 1599 2493 natali'
1591 2453 1693 2516 tmpe-
1802 2473 1805 2478 ·

138 2524 241 2590 rutae
257 2545 330 2588 erae
348 2547 493 2606 caueam
516 2545 613 2615 atque
629 2551 725 2594 unam
743 2530 886 2614 quidem
942 2515 1001 2605 iii,
1023 2540 1055 2591 at
1079 2525 1178 2590 docet
1203 2528 1421 2636 experientia,
1445 2531 1569 2595 circum
1591 2536 1692 2597 Anto-

140 2628 217 2712 quia
245 2627 423 2712 scriptorea
450 2645 583 2696 veteres
612 2632 805 2722 explicatam
830 2651 888 2695 no·
943 2630 1096 2692 nieorum
1129 2642 1294 2713 tempora,
1327 2631 1365 2694 ¹nc
1394 2631 1553 2716 deinceps
1583 2635 1693 2716 placu-

139 2729 192 2792 bia
215 2750 331 2794 eorum
353 2733 512 2797 rationem
534 2753 600 2796 non
622 2733 806 2814 tradidere,
843 2749 888 2798 at·
944 2732 1009 2796 iste
1028 2749 1100 2794 eam
1115 2731 1441 2798 renovariKalendia
1458 2733 1622 2799 Ianuariis.
1653 2739 1693 2798 ln

140 2853 205 2917 que
236 2834 299 2896 etai
327 2854 393 2898 non
422 2855 498 2900 raro
525 2855 585 2898 uoa
612 2837 789 2915 inatruant,
820 2855 886 2921 quo
945 2828 1153 2896 celebrandis
1191 2833 1413 2898 saecularibus
1446 2835 1531 2897 ludia
1568 2835 1692 2920 duplex

139 2935 214 3017 quia
243 2933 425 3018 imperator
463 2957 548 3001 anno
586 2937 777 3002 decennalia
812 2951 888 3004 vota
944 2934 1046 2998 iuiaae
1075 2933 1281 3000 observatam
1309 2949 1454 3018 tempus,
1482 2949 1579 3020 atque
1607 2939 1692 3014 illud

138 3036 328 3119 peregerit,
358 3051 467 3100 tamen
494 3059 560 3102 non
591 3038 750 3117 indicant,
777 3053 887 3106 utrum
944 3055 1175 3118 nonnunquam
1205 3035 1431 3119 anticipatum,
1472 3038 1550 3101 alibi
1583 3039 1691 3124 dispu·
1780 3033 1792 3046 ⁸

139 3139 223 3202 haec
245 3137 328 3201 ieata
350 3151 501 3224 tempore
522 3139 693 3225 legitimo,
716 3165 756 3205 ιι
779 3143 887 3205 alieno
945 3123 1094 3202 terimur.
1139 3133 1236 3228 Quod
1260 3139 1287 3200 ai
1309 3137 1523 3222 imperatorer
1553 3142 1695 3225 permis·

138 3236 267 3302 inerint
299 3239 402 3318 obita,
429 3242 528 3304 'nami
565 3255 645 3308 rer'o
679 3263 757 3307 raro
776 3243 887 3312 nobie
945 3261 1015 3304 num
1045 3239 1108 3300 nihi
1137 3251 1314 3322 potavere,
1345 3241 1378 3304 in
1408 3241 1507 3306 rebna
1538 3244 1691 3326 graniani-

140 3361 260 3403 annum
283 3339 423 3419 dictant,
446 3343 501 3427 qui
524 3356 633 3406 certua
656 3345 715 3421 ait,
738 3343 886 3428 nullique
945 3342 1026 3418 mie,
1057 3354 1091 3404 et
1121 3340 1304 3404 universam
1335 3363 1440 3426 remp.
1471 3346 1692 3427 epectantibna
1785 3422 1789 3435 ι

140 3443 243 3508 dnbio
273 3443 451 3521 obnouiua,
481 3457 517 3506 ut
538 3465 580 3509 ex
602 3445 782 3512 obaertatia
805 3447 888 3510 meia
944 3458 1093 3510 veterem
1124 3463 1250 3506 morem
1280 3443 1479 3527 infringere,
1515 3459 1635 3532 quanto
1666 3447 1692 3508 ii

139 3545 221 3610 lieet
249 3548 462 3630 pampinare:
497 3547 651 3625 alteram,
682 3549 758 3632 quin
786 3547 888 3612 iidem
945 3547 1072 3612 fecilior
1093 3555 1271 3627 potuerunt
1290 3545 1330 3609 ad
1352 3545 1554 3611 voluntatem
1577 3547 1692 3612 delion

137 3647 203 3713 rin
193 3646 362 3724 e'rnditi,
391 3661 428 3711 ιι
444 3670 550 3749 supra
557 3671 666 3728 ιιιιι
687 3664 828 3736 arrepta
839 3671 889 3716 ae·
945 3667 983 3714 re
1013 3661 1141 3732 tempor
1168 3659 1337 3723 votorum,
1367 3668 1450 3732 qnae
1480 3645 1522 3710 ad
1551 3670 1587 3713 ae
1609 3671 1691 3713 unna

137 3749 207 3816 utel
229 3771 287 3814 aua
309 3750 395 3814 de’'
373 3771 413 3813 ιιι
435 3751 596 3818 contentia
627 3753 815 3822 libertatem
837 3751 891 3816 ab·
946 3747 1160 3836 pertinuere?
1192 3763 1226 3812 et
1255 3763 1374 3833 quanto
1397 3747 1483 3830 istud
1505 3749 1612 3814 minua
1634 3753 1694 3814 rui·

138 3855 271 3936 jecere,
293 3865 446 3920 votorum
465 3865 618 3936 tempor,
631 3869 674 3922 ιι
689 3867 808 3920 revera
829 3869 889 3932 eat,
946 3872 1019 3916 rum
1041 3851 1075 3913 ia
1096 3849 1299 3936 principibua
1326 3851 1425 3916 animi
1446 3850 1557 3918 ttolidi
1578 3865 1612 3913 et
1633 3853 1693 3916 im·

138 3955 324 4030 incertum,
347 3955 585 4039 confusumque
606 3955 800 4040 profitendi,
831 3955 891 4020 aed
946 3953 1107 4040 potentia,
1142 3966 1176 4018 et
1205 3972 1307 4017 unum
1336 3974 1430 4016 annm
1459 3952 1667 4018 arbitrium
1657 3974 1693 4014 ιιι

139 4056 327 4122 maluere
318 4076 462 4140 rpaorum
492 4071 778 4122 monumentorum
800 4071 891 4126 vete-
947 4054 1120 4122 concilium
1137 4051 1391 4118 adhibentibus?
1413 4056 1513 4116 Teate
1531 4053 1692 4117 Suetonio

137 4179 217 4224 rum
241 4159 390 4258 ingratiia
410 4159 556 4224 atabilire
578 4161 688 4245 legar,
714 4179 797 4247 quaa
814 4183 889 4226 ιιιι
946 4158 1037 4222 Nero
1051 4169 1219 4224 certarnen
1234 4153 1492 4240 quinquennale,
1513 4155 1605 4237 cujus
1620 4155 1693 4240 ipae

138 4251 505 4346 nuquamiuiaac'rpaa
531 4262 740 4328 hauddubie
766 4263 890 4329 inlicie-
947 4257 1158 4336 auctorinit,
1190 4271 1223 4321 et
1243 4258 1335 4340 cujua
1355 4258 1427 4340 ipae
1449 4268 1594 4339 tempor,
1625 4276 1691 4338 quo

135 4376 196 4426 tur
225 4361 407 4448 antiquitat.
448 4365 600 4450 Vtroque
620 4383 667 4429 ex
688 4365 796 4450 capite
816 4385 890 4430 eeu·
946 4375 1119 4447 ageretur,
1142 4359 1344 4444 detignevit,
1367 4370 1441 4422 ante
1463 4357 1691 4442 praeatitntum

134 4463 209 4527 rior
238 4483 303 4550 ego
332 4465 412 4530 nolo
441 4479 568 4531 tentare
598 4467 736 4544 vadum,
759 4487 801 4532 ax
822 4486 888 4553 qno
946 4465 1034 4528 diem
1076 4461 1243 4530 revocarit
1264 4462 1305 4544 ι).
1352 4461 1556 4546 Domitiano·
1599 4458 1690 4524 nulla

133 4565 293 4650 reperire
322 4568 446 4630 exitum
475 4567 611 4635 difficile
641 4585 710 4648 eat,
748 4581 783 4634 et
811 4569 888 4634 tatia
945 4567 1076 4652 cognita
1096 4583 1193 4631 canan
1213 4563 1311 4630 ludot
1331 4562 1514 4630 macularer
1530 4559 1690 4632 sexennio

135 4709 1681 4746 ——nnh——fflffl

172 4783 206 4855 a)
224 4778 258 4844 iu
275 4777 394 4841 lierone
414 4801 440 4843 c.
458 4791 502 4846 ιι.
