4236 5480
429 444 501 526 sno

424 625 674 706 stoeetypattca,
698 640 754 683 sets
768 625 998 686 deceasels'bsss
1008 623 1171 686 Caesareis

426 724 512 786 edita
538 723 692 810 Lugduni
708 723 968 787 ttDchxxtt.
1012 725 1104 820 Quae
1128 745 1169 787 ex

425 825 488 889 beo
526 827 597 910 ejus
629 823 855 890 lucubratione
885 825 925 888 ad
961 839 1169 910 praesentem

369 931 375 940 '
424 947 552 992 causam
562 927 746 1013 pertinent,
769 927 937 1010 sequentia
952 942 1037 990 sunt.
1059 932 1170 1010 Regu·

422 1029 471 1092 las
497 1032 570 1106 Vb,
602 1050 681 1112 quas
715 1015 883 1112 hypatices
917 1029 1078 1116 appellat,
1116 1029 1166 1094 vir

376 1121 379 1128 ’
421 1131 570 1194 eruditus
602 1131 802 1208 coustituit,
823 1129 911 1212 juxte
939 1151 1017 1215 quas
1047 1142 1166 1216 propo·

424 1239 522 1296 situm
544 1231 605 1296 tuis
627 1233 879 1320 imperatoribus
896 1233 1098 1296 consulatum
1116 1253 1169 1295 su·

423 1333 574 1418 soipere,
595 1337 748 1396 nimirum
774 1353 835 1417 pro
856 1323 987 1416 imperii
1010 1334 1167 1419 auspicio,

422 1447 561 1521 propter
583 1437 730 1500 solennia
753 1435 1061 1520 quinquennalinm,
1084 1449 1118 1501 et
1133 1437 1169 1500 id

422 1557 527 1620 genus
542 1537 713 1615 festorum,
735 1553 872 1624 propter
889 1540 1074 1624 conlegium
1092 1561 1167 1605 eon·

425 1639 507 1700 sulis
524 1640 690 1716 Caesaris,
712 1642 764 1703 vel
783 1641 939 1724 Augusti,
962 1655 1098 1724 propter
1114 1661 1189 1704 ex··

351 1759 354 1766 ’
422 1739 623 1824 peditionem
644 1743 836 1817 militarem,
868 1763 962 1806 causa
988 1745 1168 1827 triumpho·

422 1861 514 1918 mm,
536 1863 573 1906 se
595 1841 737 1929 denique
764 1865 860 1909 eausa
882 1843 1034 1908 ludorum
1057 1867 1168 1911 saecu·

423 1932 554 2007 larium.
598 1943 696 2037 Quod
721 1949 763 2010 sit
785 1947 825 2009 de
855 1947 904 2010 hia
926 1947 1019 2030 Pagii
1040 1949 1166 2034 regulis

384 2121 389 2128 .
421 2043 596 2108 ferendum
612 2045 788 2128 judicium,
810 2051 920 2113 malim
943 2051 1103 2114 lectorem
1127 2052 1167 2114 ab

422 2145 494 2208 aliis
519 2149 646 2232 potius,
679 2169 774 2232 qnam
806 2172 898 2214 nme
931 2153 1056 2218 instrui.
1103 2155 1166 2221 Vix

422 2247 623 2310 celebratum
653 2251 734 2312 illud
767 2254 972 2339 Pegiiopua
1001 2255 1034 2314 in
1057 2255 1166 2336 lucem

419 2349 558 2434 prodiit,
580 2353 708 2434 reperti
729 2353 901 2426 continuo.
925 2355 981 2438 qui
1006 2355 1085 2418 latas
1108 2357 1165 2422 ltus

421 2475 441 2516 a
462 2452 535 2518 viro
557 2453 686 2516 erudito
711 2457 804 2536 leges
832 2455 865 2515 in
892 2455 1050 2538 judicium
1075 2479 1166 2523 toea·

411 2568 505 2632 ¹rent.
548 2555 618 2617 Hos
632 2555 717 2616 inter
728 2557 876 2621 Norisius
889 2559 949 2620 sub
959 2558 1058 2622 finem
1072 2581 1165 2642 prae·

419 2656 527 2719 clarae
543 2677 619 2719 suae
630 2663 795 2740 Epistulae
809 2667 989 2724 consularis
1005 2659 1163 2746 adipsum

417 2757 554 2842 Pagium
584 2759 677 2823 datae
710 2760 813 2836 serio,
850 2761 908 2823 sed
936 2783 1060 2836 summa
1088 2786 1163 2828 com

416 2861 634 2940 humanitate,
672 2863 811 2925 amioum
842 2865 1051 2947 perstrinxit,
1088 2850 1162 2930 eum

418 2965 481 3030 ait:
513 2966 575 3028 riri
598 2963 653 3028 alii
681 2963 807 3032 eruditi,
822 2972 926 3030 adhue
945 2973 1074 3051 oelqars'
1096 2974 1164 3051 ops‘·

417 3071 514 3130 stione
539 3077 702 3142 tenentur,
730 3073 971 3146 existimantes,
1000 3075 1164 3152 Aequam

416 3173 510 3231 modo
521 3171 648 3246 plures,
679 3173 772 3230 modo
789 3174 959 3248 pauciores
977 3177 1164 3238 consulatus

413 3290 475 3348 pro
491 3272 627 3331 arbitrio
647 3274 841 3347 suscepisse,
871 3283 962 3356 teque
987 3279 1164 3356 lonqiom

418 3389 546 3448 operam
568 3371 662 3430 istem·
680 3371 789 3432 labore
805 3373 921 3436 lusisse
930 3385 1065 3454 petant,
1088 3382 1164 3444 dm

416 3473 586 3530 eorundem
602 3471 823 3532 consulatuum
839 3495 955 3536 causes
968 3497 1008 3538 ac
1021 3482 1163 3545 rationes

417 3573 630 3648 isseestiqasts'.
658 3574 717 3630 Vir
733 3593 811 3632 sane
824 3575 1043 3654 doctissimus,
1065 3586 1164 3643 acles·

416 3673 556 3730 neminis
572 3673 675 3730 cultor
689 3675 776 3732 datis
789 3677 835 3732 ad
844 3694 893 3733 me
908 3679 1012 3737 literis
1028 3689 1164 3748 testatus

417 3779 482 3841 est,
505 3771 630 3848 s’nqenr‘s'
642 3775 692 3830 trss'
700 3783 797 3832 sense!
806 3773 936 3835 acernen
945 3781 1069 3855 mirari,
1088 3787 1163 3844 dnm

416 3880 464 3932 tol
474 3873 602 3950 repellas
612 3876 825 3948 costct'msnsti,
848 3897 929 3957 quos
937 3885 1043 3939 lamen
1054 3883 1162 3944 nullae

418 3975 486 4050 ipse
504 3976 660 4051 putabat,
681 3978 768 4057 quod
787 3986 835 4037 tot
853 3981 1055 4055 exceptiones
1069 3985 1159 4044 sube-

416 4083 492 4148 ant,
514 4087 551 4138 ss!
566 4079 694 4154 saepius
708 4079 749 4138 ab
767 4079 1009 4156 imperatoribus
1024 4093 1159 4146 consens·

412 4185 506 4254 plne,
536 4198 632 4260 qnam
653 4179 841 4239 observatae
864 4181 1046 4258 uideantur,
1083 4197 1158 4264 post

416 4277 503 4359 quod
514 4297 628 4340 causae
646 4277 815 4340 exordium
827 4279 935 4362 coepit
950 4279 1079 4344 erudite
1091 4305 1158 4349 nto·

416 4398 454 4439 re
482 4398 540 4439 suo
572 4399 739 4460 exponere
767 4383 926 4455 rationes,
958 4403 998 4443 ex
1022 4401 1157 4467 quarunt
1196 4463 1202 4470 Ι

416 4493 595 4561 praecepto
614 4481 775 4542 diversum
793 4481 832 4544 ab
849 4485 952 4546 amieo
966 4487 1087 4548 sentire
1104 4508 1158 4550 co·

418 4591 573 4662 geretur,
597 4595 630 4641 ct
652 4597 799 4664 perstare
827 4585 858 4646 in
881 4602 993 4648 vetere
1012 4609 1067 4649 sue
1086 4609 1157 4651 aen·

419 4681 533 4757 tentia,
557 4683 772 4768 imperatores
787 4687 914 4750 nonnisi
931 4685 969 4751 ad
989 4689 1155 4756 arbitrium

1056 433 1250 513 ctpvt
1297 433 1327 507 I.

1227 616 1396 702 suscipere
1413 613 1612 680 consulatum
1628 616 1845 682 consuevisse.
1868 620 1903 684 lu
1914 637 1965 686 eo·

1227 718 1302 782 dem
1321 719 1426 784 serius
1444 731 1636 802 argumento
1660 731 1803 784 versatus
1826 733 1878 784 est
1894 741 1965 786 eru-

1226 820 1311 884 ditus
1322 821 1651 899 obbatMaazolenns,
1663 820 1727 904 qui,
1742 841 1814 884 nunt
1826 823 1965 888 inanita-

1226 923 1474 989 adveraionibua
1512 922 1553 986 ad
1592 923 1783 985 numismata
1830 927 1964 992 maximi

1223 1025 1349 1090 moduli
1373 1024 1477 1088 musei
1500 1023 1607 1086 Pisani
1630 1027 1824 1110 praecipuos
1850 1029 1965 1093 Caesa·

1222 1151 1296 1193 rum
1313 1128 1423 1192 titulos
1438 1125 1590 1192 adcurate
1607 1125 1668 1188 sibi
1688 1127 1898 1210 explicandos
1917 1151 1968 1194 su-

1225 1241 1351 1308 meret,
1371 1231 1406 1293 in
1418 1227 1697 1293 animsdrersione
1705 1231 1761 1300 Vl.
1776 1236 1817 1295 de
1833 1235 1966 1298 Cnstsh

1224 1334 1325 1400 talem
1350 1332 1384 1394 iu
1407 1327 1628 1398 examinandis
1653 1328 1704 1396 ltis
1726 1330 1818 1416 Pegii
1839 1333 1965 1418 regulis

1225 1434 1358 1502 modurn
1377 1435 1501 1513 tenuit,
1521 1446 1557 1496 ut
1574 1432 1763 1503 universum
1784 1433 1872 1500 istud
1894 1439 1968 1500 exi·

1225 1557 1301 1602 men
1323 1550 1486 1622 perpetua
1512 1537 1564 1624 sit¹
1579 1556 1708 1612 earum,
1740 1535 1967 1618 sta-justissima

1223 1639 1452 1722 reprehensio.
1473 1637 1968 1720 Postbaenrirorumpraestau·

1224 1741 1306 1804 tium
1330 1739 1449 1804 iudieia
1470 1759 1602 1822 possum
1622 1760 1726 1804 meam
1749 1737 1966 1804 confidentius

1224 1829 1373 1928 profiteri
1393 1842 1605 1920 sententiam,
1628 1853 1794 1924 quaeest,
1816 1841 1901 1904 nibil
1917 1841 1965 1904 his

1224 1945 1318 2026 Pagii
1338 1943 1464 2028 regulis
1485 1944 1589 2026 magis
1615 1963 1688 2007 ease
1710 1941 1889 2020 iluetuans,
1921 1942 1967 2003 in·

1224 2060 1370 2124 eertum,
1400 2045 1625 2122 arbitrarium,
1653 2060 1687 2113 et
1709 2063 1966 2129 quaquaversum

1222 2146 1335 2210 avico
1365 2147 1496 2211 erudito
1528 2144 1569 2212 sd
1600 2147 1854 2214 confirmandam
1875 2169 1966 2212 suam

1224 2247 1412 2334 opinionem
1427 2249 1509 2312 facta
1524 2248 1698 2328 historica,
1721 2269 1757 2312 nc
1777 2271 1966 2314 monumen·

1223 2364 1255 2413 ta
1294 2371 1409 2414 eorum
1457 2352 1602 2434 ipsorum
1641 2352 1788 2439 ingratiis
1831 2341 1965 2418 adferri.

1222 2450 1402 2514 Enimvero
1438 2467 1648 2538 posteaquam
1685 2441 1803 2535 magno
1840 2453 1964 2531 labore,

1222 2552 1345 2635 majore
1384 2555 1482 2620 etiarn
1518 2555 1626 2618 taedio
1664 2557 1844 2640 hypaticam
1884 2556 1966 2618 banc

1223 2655 1291 2737 ejus
1311 2655 1572 2720 dissertationem
1591 2657 1779 2731 finitorem,
1802 2672 1869 2720 tum
1888 2680 1965 2721 sane

1221 2757 1342 2834 multo,
1381 2771 1478 2842 atque
1508 2773 1601 2820 antea
1631 2759 1774 2842 apertius
1804 2759 1964 2836 intellexi,

1219 2859 1436 2944 imperatores
1451 2860 1484 2923 in
1500 2862 1700 2946 capessendo
1714 2859 1882 2926 consulatu
1894 2864 1966 2924 nul·

1218 2960 1260 3023 lis
1275 2981 1312 3028 se
1329 2961 1461 3046 legibus
1477 2961 1675 3046 subjecisse,
1697 2963 1771 3039 sed,
1794 2977 1830 3025 ttt
1844 2965 1876 3024 in
1895 2967 1966 3046 ple·

1219 3061 1330 3146 risque
1348 3062 1448 3128 rebus
1468 3063 1541 3128 aliis
1561 3087 1651 3128 snam
1670 3053 1808 3128 unorum
1832 3079 1965 3130 secutos

1216 3161 1320 3230 fuisse
1345 3163 1531 3248 libidinem,
1562 3189 1635 3230 cum
1662 3180 1769 3229 tamen
1793 3167 1862 3252 ipse
1888 3187 1965 3231 con·

1219 3266 1354 3332 tranium
1370 3268 1467 3332 nobis
1487 3269 1588 3332 vellet
1604 3269 1818 3354 persuadere,
1842 3267 1901 3330 scd
1919 3269 1966 3334 ri·

1218 3365 1328 3446 ribus,
1350 3383 1386 3434 ut
1412 3383 1547 3434 eventus
1573 3369 1701 3448 docuit,
1728 3384 1802 3454 post
1828 3371 1963 3432 immen·
2018 3369 2023 3378 ⁸

1221 3489 1288 3534 aem
1321 3473 1562 3536 contentionem
1594 3471 1627 3534 in
1657 3483 1790 3536 ventum
1822 3471 1965 3558 denique

1220 3567 1343 3636 effusis.
1389 3569 1494 3667 Quarti
1516 3575 1543 3634 is
1561 3571 1739 3636 lullacibns'
1747 3571 1870 3656 regulis
1888 3596 1962 3638 cum

1219 3672 1439 3736 consulatibus
1467 3673 1584 3736 eodem
1611 3673 1768 3756 inopere
1793 3675 1963 3759 copulare·

1218 3773 1262 3833 rit
1279 3775 1375 3836 etiem
1402 3787 1554 3840 votorum
1574 3775 1863 3859 quinquennalibus
1884 3799 1963 3860 uun3

1217 3877 1442 3958 superiorem,
1463 3877 1587 3959 patebit
1611 3897 1652 3938 ex
1675 3875 1731 3955 iis,
1754 3899 1837 3962 quae
1855 3878 1889 3941 in
1905 3879 1962 3944 ho·

1215 3999 1288 4042 rum
1304 3991 1442 4045 tractatu
1457 3977 1657 4044 docebimus.

1277 4079 1338 4144 His
1360 4083 1516 4166 expositis
1541 4081 1581 4144 ad
1605 4081 1828 4166 explicandam
1846 4101 1962 4146 oonsu-

1214 4181 1298 4244 latus
1316 4181 1493 4263 rationem,
1515 4183 1619 4268 qualis
1644 4183 1860 4247 intentatio
1883 4187 1959 4249 Cae·

1215 4303 1287 4346 sare
1315 4281 1376 4346 init
1408 4289 1599 4364 constituta,
1635 4301 1669 4350 et
1700 4307 1760 4370 per
1791 4287 1961 4371 sequentia

1216 4383 1353 4468 imperia
1378 4409 1481 4474 usque
1506 4389 1546 4452 ad
1572 4389 1768 4471 antiquatum
1796 4409 1871 4450 eum
1898 4411 1962 4452 ma·

1215 4485 1385 4567 gistratum
1403 4489 1517 4567 valuit,
1535 4503 1786 4568 convertemur,
1810 4491 1959 4555 omnibus

1214 4587 1309 4672 hujus
1329 4593 1513 4674 argumenti
1530 4593 1634 4656 causis
1650 4607 1789 4678 propter
1803 4595 1958 4659 materiae

1216 4691 1402 4758 varietatem
1429 4695 1461 4757 in
1488 4709 1597 4760 certos
1618 4697 1773 4760 articulos
1797 4697 1960 4780 sepositis.
