4226 5500
598 559 676 634 AD
707 556 995 685 vonvtnnu
1021 558 1274 655 SEXUM.
1663 585 1709 660 ⁵5

164 735 251 797 hane
281 747 412 816 quoque
441 747 484 792 ex
510 727 609 796 obvio
626 727 786 792 Sardium
807 749 907 793 numo
961 749 1099 810 vocare,
1140 730 1215 816 quia
1252 732 1409 817 pleraque
1448 732 1521 795 Iulii
1552 735 1705 804 'Caesaris
1765 786 1769 808 .

163 847 338 900 autonomo
360 831 395 892 in
416 830 661 914 imperatorium
682 831 810 899 Vitellii
831 850 908 894 con·
962 853 1125 896 marmora
1153 845 1322 914 suspectae
1352 833 1432 895 mihi
1462 855 1595 920 semper
1627 841 1707 905 fidei

163 956 311 1013 versum,
325 931 389 1020 jam
401 933 500 1018 plane
519 945 658 1008 constat,
676 945 907 1016 quantumcun-
962 947 1037 997 sunt
1053 933 1136 1012 sisa,
1156 955 1251 1019 quam
1270 933 1488 1018 suspicionem
1504 938 1591 1002 auxit
1612 933 1707 1007 voda·
1763 979 1765 988 ι

63 1057 69 1066 ·
164 1059 229 1126 que
255 1033 416 1102 Sestinius
446 1035 517 1118 ejus
544 1045 682 1096 conetur
710 1033 906 1117 probitatem
960 1033 1074 1096 bulum
1091 1038 1246 1100 rotabilis
1256 1037 1422 1101 Latinitati
1438 1059 1566 1118 aureae,
1581 1042 1658 1126 quin
1674 1057 1708 1107 et

163 1140 260 1204 tueri.
287 1139 348 1201 Est
366 1138 419 1201 hic
438 1135 669 1200 Sardianorum
690 1157 824 1214 numus,
849 1136 905 1222 qui
962 1151 1138 1221 argenteae
1167 1137 1423 1222 incompertum,
1453 1155 1591 1225 propter
1619 1143 1708 1227 quod

162 1243 196 1305 in
214 1242 317 1306 antica
333 1239 433 1303 habet
447 1252 542 1323 caput
555 1238 725 1314 Herculis,
737 1237 775 1297 in
792 1257 905 1302 aversa
963 1251 997 1302 et
1009 1237 1394 1324 Malleioreprobandum
1411 1243 1526 1316 risum.
1544 1245 1709 1327 (Arserit.

162 1343 348 1428 Omphalen
377 1337 597 1425 gradientem,
627 1339 661 1400 in
690 1339 811 1402 moseia
839 1361 905 1402 non
961 1340 1026 1424 lap.
1042 1363 1075 1426 p.
1090 1339 1178 1426 eqd.)
1207 1325 1251 1404 ΙΔῑ
1273 1364 1358 1407 nunc
1384 1347 1707 1412 commemorandum
1797 1361 1801 1370 “

161 1445 370 1530 infrequens,
393 1445 427 1504 in
448 1443 557 1505 multis
578 1442 642 1525 jam
661 1439 817 1524 catalogis
835 1442 906 1506 vul·
961 1441 1082 1519 visum,
1106 1443 1180 1528 qnia
1204 1444 1288 1506 illud
1310 1467 1453 1510 summus
1479 1449 1557 1510 artis
1587 1449 1708 1532 lapida-

163 1561 273 1632 gatns,
313 1544 462 1608 omuibus
491 1545 524 1605 ‘tn
555 1565 596 1606 eo
625 1557 722 1626 capnt
749 1544 904 1606 Herculis
960 1544 1030 1607 riae
1055 1548 1211 1629 magister
1231 1546 1388 1611 Marinius
1406 1551 1621 1615 stomachatus
1638 1571 1705 1615 nou
1757 1623 1760 1630 y

163 1645 422 1732 agnoscentibus.
444 1647 504 1706 Est
518 1646 548 1707 is
561 1645 594 1707 in
606 1665 722 1708 museo
734 1645 905 1720 Caesareo,
963 1659 1024 1714 est.
1039 1649 1144 1729 (Frat,
1160 1669 1228 1724 arv.
1238 1670 1276 1732 p.
1289 1649 1378 1732 697.)
1407 1687 1411 1695 ·

163 1761 228 1813 tam
247 1763 340 1812 ocrto
352 1749 521 1834 Hercqle,
534 1768 631 1831 quant
651 1747 679 1810 is
694 1761 786 1811 certe
803 1747 908 1815 vitet-

164 1851 228 1914 lius
247 1871 320 1914 csse
336 1869 403 1913 non
418 1862 542 1932 potest,
566 1849 653 1934 quod
672 1850 808 1935 quisque
828 1851 908 1914 sate·
1151 1833 1272 1899 35²5·
1290 1833 1353 1900 ⁶⁰²·
1369 1855 1395 1900 ¹·
1411 1835 1476 1898 lin.
1488 1837 1520 1900 5·
1639 1885 1647 1904 ·

164 1953 269 2030 bitur,
292 1951 473 2035 cuicunque
489 1963 543 2014 aut
561 1949 675 2024 adficta
702 1951 741 2015 ab
768 1951 908 2034 antiquis
1027 1952 1094 2014 Pro
1114 1973 1248 2016 numum
1264 1954 1341 2038 lege
1360 1975 1539 2018 numerum.

165 2055 303 2117 Herculi
316 2053 519 2130 lineamenta,
532 2065 586 2114 aut
599 2053 824 2120 certaVitellii
837 2067 911 2117 sunt
1527 2119 1531 2130 ,

167 2155 307 2240 cognita.
336 2153 509 2222 Vitellium
531 2173 614 2236 ergo
634 2153 713 2216 lecit
734 2155 910 2238 propudio·
1106 2139 1149 2238 ΙΡ·
1161 2136 1233 2202 52⁶·
1251 2140 1449 2222 ⁶01·²·P0³t
1464 2139 1565 2204 lim&

167 2279 238 2319 sum
254 2255 422 2340 mangonis
442 2255 600 2319 Osmanni
618 2256 790 2338 scalprum.
819 2256 909 2319 Istud
1027 2260 1094 2318 lam
1116 2255 1193 2319 inde
1215 2257 1254 2320 ab
1277 2258 1412 2322 Oecone
1435 2257 1709 2321 circumferuntur

99 2378 102 2384 ·
165 2357 300 2422 Sestinii
324 2371 494 2440 peecatum
516 2379 582 2419 non
608 2369 674 2420 tam
697 2355 821 2419 anxiam
841 2341 909 2420 md·
961 2357 1052 2418 numi
1071 2359 1110 2422 L.
1128 2357 1216 2420 Aelii
1237 2358 1270 2419 in
1292 2373 1383 2441 parte
1405 2381 1520 2424 avorsa
1539 2360 1704 2444 inscripti:

165 2459 300 2524 rebatur
324 2459 601 2536 enucleationem,
626 2458 690 2520 nisi
708 2457 735 2518 is
759 2455 837 2520 intle
861 2456 908 2520 le·
964 2459 1232 2524 PANNONIAE.
1257 2459 1416 2527 CVRTA.
1440 2462 1541 2526 AEL.
1571 2463 1637 2524 Pro
1665 2462 1713 2522 in·

166 2581 243 2644 gem
274 2561 438 2624 intulisset
463 2551 654 2623 inconsultis
673 2559 728 2624 vel
748 2557 908 2620 tironibus
966 2559 1077 2624 stituto
1106 2580 1200 2638 meo,
1237 2581 1302 2646 quo
1329 2559 1545 2644 negligendos
1575 2561 1711 2626 decrevi

164 2662 382 2746 perniciosam
402 2662 533 2739 hercle,
567 2682 629 2744 qua
645 2657 765 2737 sanxit,
791 2679 908 2722 numos
967 2661 1110 2724 clu-siem
1131 2682 1303 2724 nemorum
1325 2676 1438 2746 aperte
1459 2662 1631 2739 salsorum,
1657 2683 1712 2724 cu·

166 2763 290 2826 similes
305 2783 429 2840 omnes,
444 2761 501 2846 qui
519 2781 618 2824 exesa
630 2761 758 2828 Vitellii
773 2760 910 2844 inscrip·
965 2761 1017 2844 jus
1035 2781 1162 2824 causam
1177 2761 1260 2823 dedi
1278 2763 1312 2823 iu
1330 2761 1534 2846 praelatione
1558 2763 1599 2827 atl
1624 2763 1711 2826 hune

165 2866 256 2929 tione
276 2864 447 2948 praeferre
469 2877 564 2947 capnt
583 2861 739 2944 Herculis
757 2860 910 2928 videban-
966 2875 1088 2925 tomum
1106 2861 1166 2926 sub
1185 2863 1302 2942 linem,
1325 2863 1410 2927 hunc
1429 2883 1558 2948 quoque
1577 2885 1711 2929 numum

165 2981 234 3044 tur,
264 2987 305 3030 ex
328 2979 576 3030 antonomorum
594 2983 732 3028 numero
752 2975 909 3046 exceptos
965 2963 1201 3049 negligendum
1217 2965 1304 3030 duxi.
1327 2963 1452 3028 Omnes
1468 2965 1554 3026 enim
1571 2965 1640 3048 ejus
1654 2985 1711 3048 ge-

166 3070 254 3132 inter
267 3069 495 3153 imperatorios
509 3067 638 3135 Vitellii
648 3085 725 3130 esse
741 3063 907 3127 locandos.
962 3066 1065 3144 noma,
1079 3079 1237 3151 quotquot
1250 3065 1401 3150 viderim,
1419 3066 1503 3148 (ridi
1516 3058 1624 3129 autem
1640 3066 1712 3150 plu·

164 3171 246 3236 Post
268 3170 352 3234 haec
375 3169 551 3234 arbitretur
565 3167 690 3246 lector,
715 3166 810 3252 quale
827 3164 910 3248 juti·
965 3167 1077 3244 rimos,
1095 3187 1203 3251 neque
1222 3165 1339 3230 desunt
1353 3167 1386 3228 in
1404 3186 1518 3229 museo
1533 3168 1711 3250 Caesareo)

167 3273 254 3336 cium
270 3271 443 3335 ferendum
461 3272 502 3335 sit
517 3271 558 3333 de
574 3291 674 3333 nomo
687 3263 912 3333 tertio'Mace·
967 3271 1094 3353 spurios
1115 3269 1280 3354 comperi,
1301 3283 1336 3331 et
1357 3281 1497 3346 canstat,
1518 3289 1634 3332 eorum
1656 3291 1711 3334 ex-

168 3373 308 3452 donum,
330 3397 426 3460 quem
450 3373 596 3438 eruditus
615 3371 713 3436 abbas
730 3391 772 3434 ex
793 3368 915 3434 eedem‘
967 3385 1053 3436 stare
1080 3371 1248 3434 matricem
1269 3371 1470 3446 Patauinum,
1506 3370 1711 3455 vulgatama

166 3477 258 3545 fonte
276 3477 388 3542 edidit.
409 3476 445 3554 (l.
460 3497 491 3541 a.
507 3496 539 3558 p.
555 3477 625 3559 97.)
837 3537 841 3548 ,
967 3473 1127 3538 Molineto
1143 3472 1229 3535 inter
1247 3493 1363 3535 numos
1379 3471 1561 3535 Patavinae.
1579 3469 1710 3551 (casin.

968 3575 1011 3638 de
1034 3575 1160 3640 Gener.
1182 3593 1270 3639 num.
1297 3575 1366 3655 aq.)
1400 3573 1492 3668 Quae
1516 3592 1593 3636 sana
1616 3595 1712 3637 cansa

253 3691 255 3698 ·
310 3668 348 3730 P·
361 3675 435 3738 422·
456 3663 518 3725 ⁰⁰2·
532 3681 561 3726 2·
575 3671 652 3744 ΡΜ
667 3661 727 3724 '‘⁸''-
740 3657 790 3720 23·
968 3677 1048 3754 isit,
1071 3698 1131 3742 eur
1149 3675 1258 3760 spuria
1278 3676 1359 3738 haec
1376 3675 1586 3767 progeniesa
1604 3676 1713 3738 castis·

230 3785 315 3849 Ileta
328 3803 492 3867 rupesque
506 3780 606 3866 partis
620 3775 912 3842 aversaexindioant
968 3777 1234 3846 simollaillantio
1249 3777 1283 3838 in
1299 3775 1454 3841 dilectum
1469 3797 1562 3840 suum
1576 3790 1711 3862 recepta

155 3891 280 3970 ‘aperta
303 3907 364 3970 per
384 3905 483 3969 rupes
505 3883 607 3948 invias
627 3881 745 3944 itinera
763 3877 912 3942 modoet
966 3901 1034 3943 nou
1060 3881 1112 3944 sit.
1145 3879 1472 3942 Commemorandum
1492 3877 1579 3942 istud
1607 3878 1712 3944 visum

166 3988 396 4053 vehiculorum
426 3985 621 4052 commeatui
646 3983 780 4060 idonea,
815 4001 912 4066 quem
968 3995 1034 4059 est,
1064 3981 1138 4067 quia
1162 3982 1249 4044 sorte
1271 3979 1401 4044 fortuna
1424 3980 1507 4056 ridi,
1533 3979 1671 4044 similem
1693 4003 1712 4041 a

167 4091 237 4175 typi
259 4111 388 4156 sensum
416 4089 585 4154 confirmat
602 4105 745 4149 marmor
759 4083 910 4146 Gruteri:
967 4083 1009 4148 ol.
1030 4083 1104 4147 siro
1135 4081 1387 4146 Schdnssisnaro
1418 4103 1460 4144 ex
1491 4100 1604 4144 mnaso
1631 4083 1708 4144 Bar.

169 4197 218 4278 (p.
236 4203 304 4274 sqq.
320 4195 363 4275 ι.)
377 4194 413 4258 C.
423 4192 578 4260 IVLIVS.
592 4189 774 4254 CAESAR.
787 4185 911 4254 want.
968 4183 1096 4248 Sandor
1108 4185 1285 4266 vulgatum,
1302 4181 1595 4268 adprobatumque,
1613 4201 1710 4266 quern

173 4285 913 4361 tottamsonenr.S.Er.1nPEND10.
972 4296 1080 4348 tamen
1098 4307 1117 4349 a
1133 4285 1269 4372 reliquis
1283 4306 1324 4350 eo
1339 4284 1457 4350 differe
1473 4283 1532 4362 ait,
1548 4283 1635 4368 qnod
1650 4304 1711 4366 pro

171 4397 404 4462 IlOTABilem
420 4397 646 4460 REDDIDIT.
666 4395 740 4458 Non
757 4389 914 4454 audebam
973 4387 1122 4454 CVRTA
1142 4387 1264 4472 legitur
1283 4387 1426 4456 CVRIA.
1448 4389 1532 4470 (lter
1548 4406 1613 4471 per
1631 4385 1713 4450 Pan·

171 4515 259 4578 tum,
288 4520 361 4563 cum
388 4513 595 4584 praesentem
619 4517 752 4558 numum
778 4493 918 4564 illustra·
973 4509 1050 4554 noo.
1065 4489 1104 4551 P.
1118 4489 1157 4559 ll.
1179 4490 1311 4573 prad.)

145 4593 261 4680 'rem,
284 4603 487 4668 monumenti
509 4601 606 4684 hujus
621 4599 846 4666 auctoritatem
862 4593 917 4660 atl-
958 4679 961 4684 ἣ

683 4833 1217 4874 mm
