4256 5504
388 493 435 556 ιο
650 581 654 591 ⁸
935 461 1405 546 mooourntuvs.

385 661 433 720 od
446 659 517 729 eiua
529 655 910 736 pedormarrametulli,
933 657 989 716 oui
1002 659 1050 718 ad
1061 658 1139 724 dao-
1197 651 1317 730 obria‚·
1332 665 1535 716 memoratur
1562 673 1692 742 quoqne
1719 657 1753 719 in
1780 647 1949 728 marmore

386 769 488 822 term
506 761 619 820 odam
633 758 793 836 Iuppiter,
813 761 859 820 ad
873 758 1041 818 cinianum
1058 759 1139 818 Her·
1195 754 1369 818 Muratorii
1387 765 1445 833 ο).
1463 756 1497 816 ἱι
1523 747 1614 838 qu'ur
1644 757 1730 836 fine,
1769 761 1830 825 aed
1852 764 1946 846 juxta

385 865 483 933 colea.
506 849 678 920 tenax.
695 853 785 921 mod.
805 857 906 939 (Mur.
925 856 1037 938 Gaea.)
1129 907 1132 914 .
1195 877 1309 924 verum
1347 857 1410 921 cel.
1448 857 1584 940 Marinii,
1616 861 1878 927 emendationem
1899 867 1948 949 d),

450 959 552 1025 obvii
590 959 761 1046 utriusque
800 959 1008 1044 imperatoria
1045 957 1137 1020 numi
1194 959 1336 1044 legitur:
1361 960 1582 1030 CVRANTE.
1609 961 1950 1032 vat..1³Ethcro.

385 1063 481 1127 aenei
516 1061 676 1126 maximae
706 1062 833 1124 formae
865 1061 1061 1146 simpliciter
1088 1062 1136 1122 in·
1194 1062 1276 1128 Viro
1297 1063 1437 1144 Eprepio
1459 1063 1710 1130 PROCuratore
1730 1068 1853 1132 Sacrae
1874 1072 1946 1136 Mo-

386 1165 516 1248 acript'i:
547 1159 752 1229 mouera:
778 1163 910 1232 AVGG.
933 1178 1011 1249 typo
1037 1164 1134 1228 solito
1193 1163 1946 1260 eptaeVrbiaVNtlAEVM.PP.(praapoaitirJ
2072 1221 2075 1228 .

384 1267 485 1330 trium
517 1269 736 1332 Monetarum.
780 1267 942 1330 Praetenr
972 1267 1135 1329 illustrior
1193 1263 1267 1329 ΕΤ.
1289 1264 1705 1336 OFFICINA'I'ORIBVS.
1746 1271 1813 1332 lam
1836 1273 1943 1336 multo

388 1369 431 1432 ob
455 1369 567 1433 titulos
588 1375 675 1454 Iooir'
698 1383 733 1432 et
756 1375 919 1447 Herculii,
951 1368 1134 1452 dequibus
1192 1379 1267 1429 ante
1287 1367 1527 1434 Antiochenam
1542 1369 1729 1436 MONotam
1746 1373 1869 1450 YRBr'a
1884 1396 1945 1438 nu·

386 1469 426 1532 ad
448 1491 564 1570 pumoa
586 1470 825 1560 praecedeuteo
846 1485 964 1538 actum.
1153 1507 1162 1512 -
1193 1467 1255 1530 rnis
1272 1467 1337 1532 tuis
1349 1469 1612 1555 inscripserant
1627 1492 1687 1534 ruo
1699 1471 1775 1537 loco
1790 1475 1941 1542 vidimus.

1559 1573 1580 1611 1

1642 1619 1660 1656 ᾗ

669 1688 690 1746 r
835 1687 855 1739 ι
1340 1615 1506 1738 νήιά.
1562 1669 1578 1685 “

527 1783 649 1842 Arelica
666 1785 771 1843 uaria.
842 1831 844 1834 .
1192 1775 1944 1852 PROv1DENr1A.AvG.vetavGG.c...

259 1919 266 1928 .
384 1880 431 1944 Μ.
458 1879 611 1945 sacca,
635 1881 669 1942 iu
692 1881 783 1945 aliia:
812 1881 1019 1946 ΜΟΝΕΤΔ.
1042 1879 1076 1940 S.
1099 1883 1134 1942 in
1192 1888 1261 1938 alra
1275 1883 1459 1958 praetoria,
1477 1902 1560 1962 prae
1580 1885 1944 1968 quibuopuuteorfipu-
2033 1895 2036 1902 '

385 1987 485 2046 aliie.-
515 1981 667 2044 sacnti.
696 1981 868 2050 ΜΟΝΕΤ.
895 1980 1032 2050 AVGG.
1059 1979 1131 2042 ΕΤ.
1191 1999 1249 2040 rae
1268 1985 1448 2059 paludatae
1474 2003 1568 2060 cuper
1593 1987 1717 2063 tripode
1746 1991 1944 2068 sacrificant.

272 2135 275 2157 ,
384 2083 534 2146 CAESS:
567 2083 729 2148 NOSTR.
768 2091 804 2148 in
841 2091 939 2150 aliia:
978 2081 1131 2144 SACR'A.
1190 2081 1262 2145 All.
1282 2079 1392 2146 obvii.

383 2185 494 2248 ΜΘΝ.
518 2175 618 2250 vRss.
643 2186 775 2255 AVGG.
799 2189 869 2250 ET.
891 2185 1039 2249 CAESS.
1059 2185 1132 2250 NN.
1253 2181 1306 2246 Ad
1336 2199 1547 2248 monumenta
1569 2199 1768 2266 castrorum,
1800 2190 1942 2274 quaein

383 2292 503 2350 Mulier
517 2300 608 2352 etam
622 2295 655 2354 d.
673 2293 843 2366 hilarem,
866 2313 893 2354 a.
910 2292 1130 2368 comucupiae.
1191 2285 1348 2350 extremis
1368 2286 1500 2370 imperii
1519 2286 1637 2352 finibus
1654 2289 1774 2374 ubique
1793 2289 1942 2354 construi

226 2405 230 2418 ‘
319 2465 327 2470 -
382 2389 462 2450 ΑΕ..
476 2391 516 2453 ll.
1189 2388 1283 2469 jussit
1301 2383 1542 2488 Diocletianus,
1565 2387 1652 2470 hunc
1669 2405 1780 2474 typum
1797 2392 1870 2474 jure
1886 2412 1940 2456 re·

446 2491 545 2553 Numi
562 2513 624 2576 per
641 2495 706 2557 hoc
727 2493 904 2579 imperium
924 2493 1127 2580 frequentem
1188 2489 1256 2552 fert
1285 2491 1487 2578 Banduriua,
1510 2501 1618 2578 'quam
1643 2493 1679 2554 in
1708 2493 1772 2556 hoc
1799 2493 1942 2578 impera·

288 2652 293 2662 .
381 2596 532 2672 Moneta,
557 2617 652 2678 quam
676 2595 949 2681 privataquidem
969 2597 1129 2681 cupiditas
1188 2604 1263 2656 tore
1290 2593 1423 2658 laudem
1449 2595 1617 2682 praedicat
1646 2595 1807 2659 Zosimus.
1839 2595 1945 2689 ‚Qua-

382 2698 472 2760 omui
503 2717 602 2777 uero,
637 2713 670 2762 at
698 2719 863 2784 nunquam
893 2712 968 2761 ante
998 2699 1131 2786 publica
1188 2707 1266 2759 tuor
1298 2697 1425 2780 figurae
1463 2695 1688 2762 sacrificanter'
1718 2697 1805 2760 hand
1839 2695 1940 2764 dubie

292 2821 293 2826 ¹
351 2782 604 2864 ⁸Romanorum
633 2792 838 2867 eonsecravii
864 2799 1042 2886 designatis
1064 2803 1129 2866 aris
1188 2812 1265 2862 eunt
1285 2799 1426 2882 Augusti
1450 2799 1516 2863 duo
1543 2819 1580 2864 ac
1605 2799 1743 2862 totidem
1768 2801 1941 2868 Caesarea.

379 2903 576 2988 templisque
595 2923 689 3003 mere
709 2905 849 2969 aliorum
864 2905 1034 2968 numinum
1052 2904 1130 2968 alle·
1190 2900 1326 2963 Similia·
1342 2914 1436 2984 typur
1460 2914 1511 2964 est
1535 2901 1633 2966 etiam
1657 2903 1694 2965 io·
1717 2905 1825 2967 numia
1848 2903 1941 2972 vttt-

380 3005 586 3087 goricorum‚
611 3021 696 3070 teate
719 3009 792 3092 ipro
814 3007 963 3072 Iuvenali
978 3008 1028 3090 ¹2)
1179 3003 1286 3071 Tvs.
1306 3003 1783 3075 M1L1TVM.-vlcT0n1A.
1803 3003 1939 3078 AVGG.

622 3115 684 3173 etri
701 3113 835 3190 funesta
853 3117 996 3192 pecunia
1015 3100 1129 3192 templo
1188 3105 1337 3189 aliisque
1386 3145 1393 3166 ·

396 3215 573 3274 woradum
589 3216 735 3289 habitae,
757 3217 867 3279 nullae
881 3235 1049 3278 numerem
1063 3233 1153 3276 ere·
1252 3207 1411 3291 Ejusdem
1433 3211 1565 3292 generis
1582 3209 1673 3272 numi
1692 3223 1819 3272 exstant
1837 3209 1938 3274 etiam

846 3313 1221 3390 cinnamonio
1250 3325 1382 3376 moneta
1401 3311 1589 3376 Maximiani
1613 3311 1784 3395 conlegae.
1806 3313 1942 3376 Horum

338 3393 344 3410 ⁸
378 3433 465 3476 nunc
492 3411 623 3477 tandem
655 3415 799 3478 SACRA
832 3413 968 3492 dicitur,
1001 3415 1129 3480 seilicet
1187 3415 1288 3476 unum
1327 3413 1462 3476 omnino
1503 3413 1670 3497 geminum
1711 3433 1786 3476 eum
1829 3415 1939 3498 capite

378 3529 518 3602 propter
539 3517 685 3602 ingentia
712 3517 952 3593 emolumenta,
983 3537 1066 3602 quac
1093 3517 1128 3578 in
1188 3516 1378 3580 Maximiani
1421 3514 1524 3579 edidit
1567 3515 1678 3600 Scipio
1721 3511 1874 3580 Maffeiuu
1895 3517 1938 3598 eJ,

377 3639 483 3712 genua
508 3617 686 3684 humanum
710 3617 857 3697 confert,
892 3637 957 3706 quo
983 3633 1126 3698 caretur,
1187 3617 1248 3682 aed
1266 3639 1329 3703 pro
1347 3619 1453 3682 solitis
1470 3619 1752 3704 inscriptionibus,
1770 3639 1850 3703 quae
1867 3638 1939 3682 mo·

375 3740 419 3784 ne
443 3740 502 3782 eeu
527 3721 758 3806 adulterando,
789 3743 849 3786 eeu
871 3721 1000 3809 pondua
1024 3721 1128 3786 minu·
1185 3721 1229 3784 do
1257 3724 1530 3798 immemorum,
1563 3723 1689 3786 circum
1716 3733 1822 3785 caetra
1842 3739 1940 3804 prae·

378 3824 466 3887 elido
489 3823 651 3902 violetur,
673 3825 898 3911 habeaturque
922 3837 1153 3906 acrosancta·
1184 3825 1268 3888 toria
1311 3825 1453 3908 legitur:
1509 3821 1708 3892 VERONA.
1757 3823 1936 3887 NPRITE.

377 3926 561 3990 constitutis
593 3941 744 4014 tanquam
772 3929 806 3990 in
841 3929 1022 4014 sacrilegos
1048 3949 1128 4013 poe·
1184 3925 1334 4003 COND.‚
1358 3947 1454 4012 quarn
1478 3923 1684 4010 epigraphen
1710 3923 1856 3988 eruditae
1880 3945 1938 3986 an·

375 4031 445 4108 nia,
478 4044 515 4093 ut
544 4033 738 4094 constitutae
770 4031 905 4094 luere
895 4053 930 4094 ιι
963 4053 1035 4108 eoo,
1070 4032 1126 4116 qui
1184 4043 1257 4094 ctor
1276 4029 1322 4092 sic
1342 4027 1499 4128 explicat:
1523 4025 1719 4094 Vettona
1742 4017 1835 4090 Nora
1855 4025 1936 4088 Por-

374 4134 583 4198 tribunorum
598 4136 646 4220 pl
656 4155 797 4220 corpora
812 4134 939 4200 violare
955 4157 1024 4198 auat
1041 4147 1124 4198 runt
1182 4146 1218 4196 ta
1241 4133 1347 4194 RlTE
1371 4099 1553 4194 CONDita.
1596 4127 1742 4191 Dillicile
1765 4139 1816 4189 est
1838 4145 1936 4209 praa·

374 4237 478 4314 Vide,
507 4259 616 4326 quae
616 4238 657 4302 ad
684 4237 747 4302 hoc
773 4249 1003 4323 argumentum
1030 4239 1126 4322 plura
1182 4236 1282 4297 bere
1294 4235 1485 4311 adaenaum,
1516 4231 1691 4316 praecipue
1721 4248 1797 4290 cum
1824 4241 1934 4293 auoto-

375 4354 613 4403 commemorat
630 4341 905 4456 spanhemiuebp.
932 4345 1038 4405 Sacra
1059 4363 1124 4405 mo·
1182 4337 1331 4414 ritatem,
1370 4359 1434 4422 qua
1474 4333 1637 4400 conditam
1676 4353 1694 4394 a
1733 4331 1934 4394 Maximiano

375 4454 451 4505 neta
481 4445 571 4504 urbia
603 4442 760 4528 deincep·
791 4445 889 4508 etiam
919 4443 1124 4529 frequentior
1182 4459 1300 4508 noram
1328 4455 1458 4524 portam
1485 4435 1721 4512 confirmaret.
1744 4433 1812 4496 non
1837 4453 1935 4516 repe·

412 4677 443 4746 a)
461 4673 520 4731 Sat.
540 4673 564 4734 l.
585 4685 646 4735 ιιι.
778 4665 957 4748 b>Tom.'1.
979 4697 1007 4756 p.
1028 4691 1108 4751 29..
1203 4679 1234 4751 c)
1255 4677 1405 4754 Pag.26o.
1425 4683 1452 4737 3.
1585 4667 1621 4746 d)
1639 4667 1717 4726 Frat.
1738 4686 1798 4726 arr.
1819 4687 1849 4746 p.
1868 4671 1933 4730 470.

374 4768 404 4838 o)
423 4767 540 4824 Verona
560 4761 607 4856 ill.
623 4763 654 4824 P.
674 4765 696 4825 1.
716 4783 747 4842 p.
769 4773 830 4832 147.
1476 4768 1483 4776 ·
