4244 5484
336 585 339 594 ,
431 499 503 584 ant
673 492 834 570 carvr
857 469 931 568 'vt
983 491 1202 569 nonsnvs
1236 491 1447 590 rossan,
1484 438 1739 570 ammana.

432 685 466 750 in
489 683 659 767 utriusque
677 678 817 764 Augusti
840 690 979 740 moneta.
1021 679 1178 746 Proxime
1237 678 1415 753 Aristides,
1445 677 1564 762 aliique
1593 675 1794 760 principibus
1823 674 1980 776 Romanis
2036 727 2039 732 .

432 800 507 870 post
530 787 589 848 hos
611 799 813 869 praenomen
837 781 880 846 D.
897 781 936 854 N.
953 779 1096 844 delstcm
1118 781 1179 843 fuit
1236 801 1297 864 pro
1325 780 1457 843 nomine
1486 779 1634 860 legitimo
1662 776 1878 862 ἅντοκμτοςας
1905 793 1981 844 sons
2102 787 2103 812 ¹

432 887 640 952 Dioclctiano
670 897 704 946 et
728 879 940 960 Maximiano,
966 879 1025 946 scd
1049 885 1179 947 nonnisi
1235 880 1413 966 impertiti,
1436 881 1527 964 cujus
1546 879 1624 944 iacti
1643 882 1832 946 testimonis·
1846 901 1980 966 possum

432 1009 475 1055 ex
491 1007 556 1074 qno
570 985 744 1073 imperium
757 1003 911 1074 posuere.
934 985 1099 1071 Deinceps
1114 1007 1180 1049 ma·
1235 985 1395 1061 reticere,
1428 985 1502 1067 quia
1531 1004 1682 1069 magnam·
1707 985 1837 1068 pridem
1864 1004 1981 1048 eornm

432 1091 483 1175 gis
503 1089 714 1164 Caesaribus,
736 1109 831 1172 quam
852 1087 1006 1169 Augustis
1031 1087 1109 1170 ipsis
1131 1087 1178 1150 in·
1236 1089 1363 1172 copiam
1398 1084 1550 1168 collegit,
1587 1099 1620 1148 et
1650 1105 1692 1148 ex
1722 1086 1892 1170 locuplete
1921 1106 1981 1148 suo
2054 1154 2058 1162 ,

432 1205 523 1278 certa
546 1212 658 1267 eausa,
680 1203 716 1253 ut
730 1189 797 1250 dixi
812 1188 845 1250 in
863 1189 968 1252 numis
984 1188 1105 1252 Licinii
1126 1211 1180 1272 ps·
1237 1207 1340 1253 corno
1389 1189 1560 1272 proposuit
1609 1186 1791 1250 indefessus
1836 1183 1983 1270 Spanbe·

433 1293 503 1358 tris.
547 1292 699 1378 Denique
723 1291 806 1354 illud
829 1291 906 1355 inde
931 1312 949 1354 s
975 1291 1179 1355 Constantini
1236 1289 1378 1374 miusb).
1421 1285 1536 1373 Neque
1559 1275 1630 1371 ejus
1653 1289 1686 1350 in
1707 1289 1813 1352 numia
1836 1289 1980 1352 Graeco·

422 1397 479 1476 bb.
495 1392 571 1456 liliis
584 1412 784 1477 praenomen
798 1413 971 1458 commune
986 1393 1087 1458 erasit
1102 1392 1179 1456 abo·
1234 1414 1308 1454 rum
1348 1391 1464 1454 desunt
1501 1389 1665 1472 exempla,
1705 1393 1768 1454 etsi
1803 1387 1981 1453 admodum

432 1495 494 1558 lito
509 1496 675 1578 paullatim
690 1495 902 1580 praenomine
918 1495 1024 1571 IMR,
1043 1509 1077 1558 et
1091 1493 1180 1557 dein·
1237 1515 1319 1557 rara.
1374 1495 1478 1556 Notus
1499 1513 1615 1554 numus
1638 1494 1787 1576 Capityae
1810 1491 1981 1569 Arcadiae,

295 1625 303 1634 ·
433 1617 512 1680 ceps
524 1609 616 1660 tanto
631 1597 767 1660 invaluit
782 1617 902 1680 opere,
924 1611 977 1674 ut,
1000 1596 1027 1659 si
1045 1597 1115 1681 quis
1130 1597 1179 1658 ln·
1238 1594 1500 1680 qniCaracallam
1516 1594 1657 1677 appellat
1670 1591 1980 1656 ΑΝΤΩΝΙΝΟΝ.
2102 1649 2103 1696 ,

431 1698 571 1762 stiniano
601 1714 760 1782 regnanto
794 1719 854 1782 pro
879 1703 1026 1762 dominus
1053 1697 1180 1762 diceret
1236 1695 1418 1773 Bactara,
1451 1710 1518 1758 tum
1541 1711 1574 1757 et
1595 1695 1686 1756 numi
1707 1695 1898 1768 Commodi,
1927 1695 1983 1754 Ni·
2102 1701 2103 1740 l

429 1799 627 1883 imperator,
651 1814 684 1862 et
699 1820 760 1884 pro
778 1806 908 1865 domim
924 1801 1083 1884 Angusta,
1110 1813 1178 1863 tum
1237 1819 1333 1862 caece
1357 1811 1390 1861 et
1410 1797 1460 1860 Cii
1482 1797 1653 1880 Bithyniae
1676 1796 1827 1874 urbibus,
1856 1811 1925 1858 tum
1948 1811 1981 1860 et

432 1913 469 1964 et
486 1903 693 1986 magistratus
711 1903 807 1965 aliter
831 1923 925 1986 quam
944 1925 1052 1996 seruos
1068 1903 1179 1988 appel·
1235 1901 1412 1963 Caesareae
1431 1900 1654 1984 Cappadociae
1674 1899 1792 1981 signati
1815 1919 1890 1962 cum
1913 1900 1982 1982 epi·

430 2003 533 2079 leret,
557 2006 584 2065 is
602 2004 791 2067 manifestae
810 2005 965 2090 injuriae,
987 2017 1042 2067 aut
1062 2005 1177 2068 saltem
1235 2002 1376 2085 graphe:
1417 1999 1660 2064 ΚΟΜΟΔΟΤ.
1697 1993 1980 2062 Bactris-:Tost-
2102 2089 2103 2094 γ

430 2107 618 2168 rusticitatis
640 2125 716 2168 reus
742 2104 921 2168 baberetur
937 2107 977 2186 ¹).
1237 2101 1334 2168 TOC.
1356 2105 1395 2163 Ο.
1418 2101 1620 2168 KOCMOC.
1644 2097 1863 2164 ΕΤΤΤΧΕΙ.

493 2210 546 2270 De
584 2207 716 2270 nomine
750 2203 999 2269 AGCHOTHC
1030 2206 1177 2304 ejusdem
1298 2193 1558 2268 ARomanorum
1574 2215 1703 2264 monete
1717 2221 1837 2266 nomen
1851 2203 1980 2286 regium

429 2304 1177 2393 seresignilicationis,etquodserodenique
1234 2307 1349 2390 procui
1374 2307 1474 2368 inisse
1498 2305 1660 2381 habitum,
1690 2305 1808 2368 mirum
1828 2324 1896 2366 non
1921 2317 1978 2378 est,
2102 2307 2103 2362 l

428 2407 584 2485 invaluit,
607 2427 740 2490 agemus
758 2405 843 2470 inira
858 2407 892 2468 in
907 2421 1043 2470 tractatu
1060 2408 1101 2471 sle
1120 2433 1177 2472 nn·
1235 2407 1308 2492 quia
1323 2427 1442 2471 nomen
1459 2409 1585 2492 regium
1600 2407 1678 2470 inde
1694 2431 1711 2470 a
1726 2407 1830 2492 pulsis
1844 2407 1980 2488 regibus
2102 2393 2103 2436 Ὗ

427 2510 491 2572 mis
507 2507 610 2568 infimi
628 2511 711 2574 aevi.
749 2511 903 2574 Ceterum
922 2522 956 2570 et
973 2511 1053 2574 baec
1071 2510 1176 2596 digni·
1233 2511 1387 2573 Romanis
1408 2531 1539 2594 semper
1562 2508 1663 2570 fuisse
1684 2509 1979 2586 invisumcoustat,
2102 2581 2103 2584 Ἴ

410 2609 503 2673 -tatis
529 2609 685 2674 vocabula
709 2629 862 2672 successu
887 2611 1044 2695 temporis
1067 2615 1176 2697 splen·
1233 2627 1329 2694 atque
1347 2614 1409 2674 etsi
1423 2611 1650 2678 Constantinus
1660 2613 1705 2674 bl.
1719 2609 1887 2686 diadema,
1906 2633 1980 2696 pro·

427 2709 545 2774 alerem
574 2712 733 2788 amisere,
764 2725 798 2773 et
823 2729 1027 2794 compertum
1043 2729 1105 2789 ,est
1133 2737 1175 2779 ex
1233 2717 1338 2796 prium
1357 2735 1473 2798 regum
1493 2727 1679 2796 gestamen,
1696 2713 1796 2797 'capiti
1814 2714 1980 2796 imposuit,

426 2813 663 2885 marmoribus,
680 2813 789 2876 inlims
802 2827 907 2876 aetate
923 2819 1053 2880 Domini
1062 2821 1175 2882 Nostri
1233 2819 1310 2902 quin
1348 2830 1382 2880 et
1412 2815 1664 2879 Hanniballiano
1699 2814 1814 2899 nepoti
1851 2830 1978 2901 partem

428 2926 464 2977 et
483 2911 799 3007 Asonoranocabula
813 2913 938 2980 indulta
955 2919 1052 2982 etiarn
1072 2917 1173 2982 inisse
1231 2919 1327 2984 Ponti
1350 2940 1426 2983 cum
1446 2917 1534 3002 regis
1558 2917 1652 2980 titulo
1675 2917 1792 2993 cessit,
1817 2927 1977 3002 usurp‘sre

426 3015 615 3079 consulibus
638 3037 705 3079 non
723 3019 878 3102 Augustis
898 3021 952 3086 vel
970 3021 1172 3100 Caesaribus,
1230 3034 1339 3086 tamen
1361 3037 1481 3083 nomen
1504 3018 1593 3102 regis
1614 3009 1878 3090 aususnouest.
1921 3020 1979 3082 Se-

427 3135 495 3201 qno
525 3118 567 3180 de
599 3133 792 3202 argumento
822 3121 897 3184 side
918 3123 1172 3186 Dissertatiooes
1229 3124 1317 3200 rius,
1339 3141 1382 3184 ne
1406 3121 1529 3206 aliquid
1550 3119 1677 3186 veteris
1701 3119 1838 3182 instituti
1864 3117 1978 3204 super·

425 3216 575 3282 Eduardt
609 3220 765 3297 Corsinii,
803 3243 885 3306 quae
920 3237 994 3285 sunt
1027 3243 1172 3288 snnexae
1231 3238 1333 3300 esset,
1357 3242 1474 3289 carere
1491 3221 1650 3306 postremi
1668 3221 1816 3285 Orientis
1837 3221 1979 3306 impera·
2009 3217 2012 3220 ’

427 3317 498 3402 ejus
515 3322 610 3406 operi
628 3327 668 3385 de
684 3328 769 3388 nolis
788 3329 996 3408 craecorum,
1016 3349 1049 3412 p.
1061 3327 1149 3394 Vlli.
1229 3338 1335 3401 tores,
1352 3324 1457 3388 obviis
1468 3323 1750 3406 inscriptionibnst
1767 3320 1979 3388 MIXAHlt

709 3470 729 3508 ,
793 3423 812 3462 *
876 3473 895 3510 ,
1227 3423 1530 3492 oscinere·
1552 3423 1726 3492 meros.
1747 3423 1977 3491 oscinem.

489 3521 604 3585 Restat
617 3523 730 3586 titulus
741 3519 995 3590 ΒΑΣΙΛΕΩΣ
1002 3571 1010 3602 ,
1023 3531 1169 3592 REGIS.
1229 3523 1489 3604 ΡωΜΑΙωΝ,
1513 3541 1546 3590 et
1563 3525 1736 3592 similibus.
1775 3529 1842 3592 sed
1860 3529 1926 3613 jam
1944 3539 1979 3591 et
2102 3537 2103 3608 l

425 3623 511 3684 Eum
531 3623 607 3685 satis
628 3637 752 3687 mature
770 3628 948 3710 scriptores
967 3627 1086 3692 Graeci
1106 3631 1170 3692 Dio
1228 3627 1401 3692 Eusebiam
1434 3631 1615 3694 Constantii
1644 3632 1685 3694 ll.
1726 3649 1867 3696 uxorem
1902 3633 1978 3692 Am·
2102 3677 2103 3688 ,

426 3723 694 3808 Chr-ysostomus,
715 3729 904 3813 appianus,
933 3731 1171 3817 Athenagoras,
1228 3732 1353 3798 miscus
1375 3733 1505 3801 vocavit
1528 3738 1674 3817 reginam
1688 3731 1731 3815 ⁸).

1560 4587 1572 4626 s

462 4753 492 4823 s)
512 4751 636 4832 Procop.
654 4754 730 4822 Hist.
750 4779 811 4821 ssc.
831 4781 896 4842 esp.
915 4773 962 4833 ω.
1060 4765 1344 4850 sasantinae·
1364 4779 1428 4846 397·
1528 4741 1883 4858 ⁶)11·¹Y1'⁶'²⁰‘0
