4206 5482
440 484 517 573 aas
643 517 647 524 -
928 525 937 538 .
1048 475 1247 552 ιιι-ιι
1283 475 1383 550 ιιι.

440 665 593 752 quoniam
612 663 678 728 Dio
699 663 764 728 lroc
782 661 858 726 loeo
871 659 1102 726 decennalium
1122 675 1189 726 tan·
1247 659 1406 724 decennia
1424 670 1651 746 prorogatum.
1674 657 1854 728 -Sdccessor
1870 667 1951 736 Tibe.

440 785 509 844 tum
527 768 692 856 meminit,
715 766 828 850 quaeri
844 765 916 848 jure
933 777 1056 848 potest,
1077 769 1186 826 utrum
1244 763 1332 838 rius,
1356 765 1419 826 etsi
1437 783 1599 827 renovare
1621 761 1775 828 decennia
1794 765 1898 848 naluit,
1915 773 1952 837 le·

437 869 693 954 quinquennalia
717 887 864 954 quoqne,
887 885 1025 950 «quorum
1046 885 1112 930 uon
1137 887 1189 928 ra·
1245 878 1294 927 sta
1323 879 1432 928 tamen
1462 867 1496 927 in
1526 865 1576 927 his
1607 863 1767 929 celebrari
1794 871 1952 938 solitauuu

438 993 481 1037 ro
502 971 543 1035 ab
564 971 767 1046 auctoribus,
790 985 824 1032 et
846 969 879 1030 in
901 981 1051 1032 veterum
1073 987 1189 1030 mortu·
1245 967 1365 1033 omisit.
1407 968 1457 1030 Ac
1493 965 1538 1032 de
1575 967 1692 1052 primis
1732 969 1855 1056 quidem
1888 976 1953 1043 ltaeu

364 1107 397 1164 '.
440 1073 560 1144 mentis
582 1071 782 1148 fitmeutio,
813 1069 853 1134 ab
876 1069 992 1132 eodem
1015 1071 1107 1134 fonte
1129 1069 1188 1132 du·
1243 1071 1309 1132 Dio
1326 1071 1372 1154 ο)ι
1395 1074 1620 1134 Decemasssrts's
1637 1071 1762 1151 duperia·
1774 1080 1839 1152 ejas
1852 1086 1953 1149 enodis

437 1189 566 1240 cantur.
609 1171 769 1238 Adfirmat
797 1170 884 1234 istud
911 1173 1062 1236 Norisius
1091 1173 1186 1236 nisus
1243 1167 1290 1236 ad
1308 1178 1530 1243 resumendum
1549 1175 1686 1244 tunitii
1700 1177 1752 1236 illi
1766 1180 1954 1258 άιιιιιιιριι

437 1273 628 1340 testimonio
650 1275 766 1338 Dionia
797 1273 975 1352 narrantis,
1005 1275 1186 1360 Agrippam
1236 1277 1326 1356 suit,
1349 1295 1449 1358 neque
1471 1278 1561 1337 esim
1583 1295 1711 1338 neeesse
1732 1282 1866 1356 putauit,
1889 1285 1956 1346 illud

333 1375 338 1382 ’
438 1389 577 1462 propter
588 1376 734 1460 Augusti
754 1375 974 1462 principatum
995 1397 1079 1439 anno
1093 1375 1134 1446 V.
1148 1377 1185 1439 C.
1239 1377 1385 1458 Ἀυμιιιιί
1400 1380 1548 1454 senapin
1561 1381 1796 1456 interrumpere.
1834 1383 1906 1442 Ludi
1916 1395 1954 1454 ta·

435 1481 502 1562 738
524 1477 619 1542 ludos
642 1477 900 1562 quinquennales
922 1477 1069 1554 dedisse,
1098 1473 1185 1538 undo
1241 1480 1627 1560 mendenennolessucta‘.
1666 1477 1954 1566 ‚Desiterisdecen

427 1584 613 1653 ‘Caesarum
634 1580 868 1666 quinquennio,
890 1599 928 1644 ac
942 1591 1121 1666 propterea
1138 1578 1187 1641 lu·
1242 1577 1369 1641 naliltus
1391 1577 1539 1661 haecd)t
1577 1583 1741 1644 Vicesimo
1758 1585 1874 1660 intpers't'
1889 1605 1954 1648 usse

435 1681 510 1764 dos,
527 1681 692 1746 celebrari
719 1694 854 1766 coeptos
877 1679 984 1764 arguit
1006 1683 1056 1746 vir
1070 1680 1186 1744 euracli·
1236 1683 1401 1757 instante,
1426 1684 1509 1745 licat
1528 1686 1596 1764 ipsa
1616 1685 1822 1766 frequentin
1842 1687 1954 1762 Albano,

434 1799 490 1846 tus
507 1787 547 1866 ¹).
590 1783 716 1854 Verum
745 1783 844 1847 abbas
866 1783 1080 1846 Maaaolenus
1103 1785 1185 1847 itanc
1241 1794 1275 1846 et
1294 1787 1538 1858 tumultantes,
1561 1787 1721 1848 eumenia
1736 1785 1955 1847 wicmannus·

433 1885 619 1950 doctrinam
646 1885 760 1947 solidis
785 1885 984 1969 argumentis
1005 1879 1184 1970 impugnat,
1240 1887 1308 1958 nit,
1330 1889 1391 1946 aad
1404 1890 1551 1948 consules
1569 1891 1608 1950 L.
1631 1888 1799 1961 Vitellius,
1819 1895 1848 1948 et
1861 1888 1955 1949 ratius

434 1986 637 2072 probatque,
671 1987 725 2050 itis
754 1987 920 2073 Agrippae
948 1985 1036 2050 ludis
1066 1987 1187 2056 intelli·
1241 1989 1391 2049 Persicus
1423 1990 1609 2050 decennium
1643 2006 1871 2068 nuncupavere,
1903 1996 1956 2059 tua·

435 2087 562 2170 gendos
586 2109 661 2166 eos,
685 2089 740 2173 qui
758 2093 905 2172 Angusto
928 2103 1065 2174 propter
1085 2091 1186 2152 victo·
1242 2091 1404 2170 quamea',
1426 2099 1465 2152 ut
1480 2091 1627 2170 Anqusto
1646 2093 1815 2163 usitatum,
1835 2091 1955 2150 tuncin-

432 2191 518 2252 riam
536 2189 705 2254 Actiacum
716 2189 849 2254 decreti
864 2192 978 2266 suere,
1001 2203 1034 2254 et
1051 2191 1106 2274 qui
1122 2209 1184 2253 neo
1233 2191 1362 2269 perium
1371 2200 1592 2269 prorogarem.
1616 2189 1815 2265 Decorum,
1835 2186 1883 2272 qui
1898 2203 1956 2270 pro·

434 2290 684 2376 quinquenniis,
714 2311 777 2354 nec
800 2291 968 2354 decenniis
991 2291 1060 2373 ejus
1082 2293 1184 2375 impe·
1240 2289 1556 2366 ximesuocessere,
1580 2289 1816 2354 decennalibus
1834 2289 1905 2351 nihil
1921 2287 1956 2350 di·

431 2392 477 2455 nii
498 2392 1089 2474 respondeut3reetereroaDiona
1107 2394 1182 2471 dici,
1233 2403 1330 2454 certe
1366 2389 1544 2473 prodidere
1579 2406 1726 2457 veteres.
1768 2391 1885 2454 Primus
1909 2388 1955 2452 luit

431 2509 493 2555 coa
515 2492 611 2556 ludos
635 2505 724 2555 actos
748 2507 886 2577 prepter
901 2494 1040 2577 Augusti
1060 2495 1183 2578 princi·
1237 2492 1422 2556 Antoninus
1437 2493 1533 2570 Pius,
1557 2493 1612 2578 qui
1631 2513 1673 2556 ea
1689 2497 1794 2564 numia
1808 2492 1952 2575 inscripsit,

431 2607 559 2676 patum,
581 2594 656 2680 quia
674 2613 792 2658 reuera
811 2597 865 2660 hic
890 2619 907 2660 ι
927 2608 1096 2681 postrema
1121 2597 1182 2660 ltac
1235 2591 1396 2679 deinceps
1417 2594 1639 2678 perfrequens
1656 2615 1774 2661 eornm
1788 2593 1911 2672 mentio,
1926 2608 1954 2656 ac

430 2695 514 2758 belli
533 2697 638 2762 civilia
662 2697 800 2761 victuris
823 2697 933 2778 judice
957 2697 1052 2761 ctiam
1069 2695 1180 2762 Dione
1235 2695 1381 2779 denique
1406 2695 1583 2760 fastidiosa.

431 2795 509 2861 duci
537 2799 660 2883 putuit,
684 2819 722 2862 ae
751 2797 874 2862 debuit.
915 2799 1002 2869 Vide
1028 2798 1127 2866 Aaou·
1141 2799 1181 2864 als
1297 2797 1379 2894 -Quo
1401 2812 1551 2882 tempore
1569 2797 1765 2864 decennalia
1780 2812 1850 2866 nota
1864 2812 1956 2880 coepe·

430 2897 563 2962 eruditu
593 2913 728 2964 auctonc
758 2901 946 2985 praeclare,
980 2921 1018 2965 ac
1046 2903 1180 2985 copiose
1233 2901 1305 2964 rint
1332 2901 1365 2961 in
1395 2899 1460 2963 duo
1491 2900 1641 2983 aequalis
1672 2903 1774 2985 spatia
1804 2901 1907 2976 dividi,
1931 2908 1956 2960 et

320 3057 328 3069 .
431 3001 580 3084 exposita
596 3000 639 3082 b).
669 3001 769 3088 Atqui
788 3005 938 3068 norisius
961 3001 1094 3088 dempto
1116 3004 1180 3068 hoc
1238 3001 1391 3067 constitui
1407 3001 1686 3087 quinquennalia,
1715 3025 1781 3070 non
1803 3003 1873 3095 sutis
1889 3018 1957 3065 con·

289 3147 293 3154 -
429 3101 549 3165 Dionia
576 3105 784 3182 testimonio,
813 3105 873 3169 sed
900 3106 988 3190 quod
1016 3107 1112 3168 aliter
1133 3111 1180 3167 in·
1237 3117 1380 3187 portum.
1422 3103 1619 3168 Existimant
1649 3105 1818 3182 nonnulli,
1848 3099 1958 3165 santa·

429 3203 651 3288 telligcndum
673 3205 832 3282 diximus,
863 3209 989 3272 nullum
1013 3207 1100 3271 aliud
1121 3227 1180 3292 pu-
1236 3205 1351 3268 atandri
1375 3207 1492 3270 Severi
1523 3219 1630 3270 aetate
1662 3205 1806 3270 nondum
1826 3199 1956 3268 inissein
2006 3275 2008 3280 ,

429 3304 492 3366 tuit
513 3305 664 3384 adferre,
682 3307 777 3392 quod
798 3309 974 3392 probaret,
995 3311 1179 3394 primorum
1235 3329 1316 3384 usu,
1343 3309 1423 3394 quia
1446 3310 1510 3370 Dio
1532 3311 1567 3370 in
1589 3308 1721 3372 lundata
1742 3307 1834 3372 altius
1860 3303 1956 3365 orado·

428 3407 666 3492 imperatorum
697 3423 819 3485 aetate,
859 3424 958 3496 utque
989 3413 1086 3476 etiam
1122 3409 1178 3474 diu
1234 3431 1278 3474 ne
1308 3423 1378 3473 acta
1410 3410 1544 3494 quidem
1565 3409 1604 3472 ab
1627 3409 1770 3493 Augusti
1791 3399 1958 3472 successori·

427 3521 523 3592 pust,
551 3521 628 3572 vota
647 3511 911 3627 quinquennalia
927 3513 1033 3578 inisse
1054 3533 1179 3578 nuncu·
1233 3513 1295 3576 bus
1317 3511 1507 3576 decennalia
1525 3527 1710 3590 memorat,
1727 3509 1786 3574 sad
1807 3510 1958 3594 quinquen·

427 3622 517 3691 pata,
547 3621 601 3671 aut
622 3612 686 3692 qui
716 3613 757 3676 ad
779 3615 860 3677 haec
882 3616 1102 3698 pertinerent,
1129 3617 1177 3680 lu·
1233 3613 1357 3678 nulium
1378 3613 1580 3676 mentionem
1601 3616 1701 3700 plane
1724 3611 1867 3695 negligit.
1901 3604 1959 3668 Pri·

428 3709 490 3772 dus
518 3711 776 3795 quinquennales
803 3715 910 3778 inisse
931 3716 1047 3787 iactus.
1089 3719 1177 3784 Sane
1234 3733 1322 3794 mua,
1353 3716 1442 3799 quod
1462 3716 1619 3780 hactenus
1641 3717 1805 3788 norimus,
1834 3709 1956 3774 initl'o·

426 3811 540 3896 primi,
560 3825 598 3874 nt
620 3811 784 3892 dicemus,
807 3831 880 3880 sunt
898 3819 1050 3884 Postumi
1071 3835 1177 3906 tyran·
1233 3831 1377 3894 stumus,
1401 3819 1457 3900 qui
1475 3837 1513 3880 ea
1533 3819 1566 3878 in
1586 3821 1695 3881 numia
1717 3811 1874 3897 vulgarit,
1894 3829 1962 3871 tert

354 3941 357 3954 ι
425 3915 462 3976 nl
484 3915 590 3992 nunti,
613 3915 1073 4006 quinctaquinquennalia'
1063 3924 1178 3986 suscri-
1232 3933 1290 4006 pto
1316 3919 1350 3980 in
1379 3921 1430 3982 his
1460 3912 1850 4016 qvtrthttttrtttntts.
1875 3908 1979 3974 Poe·

425 4033 481 4102 pta
503 4017 643 4092 habeut,
676 4031 710 4080 et
740 4033 892 4085 auctores
922 4039 1070 4104 ueteres,
1101 4044 1175 4088 cnm
1234 4023 1354 4094 cvttt.
1374 4021 1479 4093 AVG.
1520 4025 1647 4094 Verum
1676 4018 1756 4081 inde
1785 4037 1848 4080 nun
1874 4011 1957 4078 cunti·

425 4138 543 4184 eorum
571 4119 770 4201 meminere,
801 4125 904 4188 multo
934 4125 1040 4190 sdltuc
1067 4139 1176 4210 poste·
1233 4144 1299 4188 nno
1330 4124 1497 4208 sequitur,
1519 4135 1603 4186 ante
1626 4119 1846 4188 Alexandrum
1873 4136 1906 4180 ea
1930 4113 1958 4174 in

424 4219 514 4286 riora
535 4219 575 4283 iia
593 4235 746 4306 tempora
767 4223 946 4312 adsignant.
1231 4239 1294 4288 usu
1323 4245 1391 4288 nou
1420 4221 1542 4304 luisse,
1581 4237 1637 4288 ant
1666 4243 1784 4288 eorum
1812 4227 1958 4286 auctorem

432 4359 439 4368 ·
487 4322 657 4402 Diximus,
687 4347 816 4392 canneru
844 4329 1096 4394 constitutorum
1118 4329 1175 4394 de·
1198 4337 1207 4348 “
1230 4325 1333 4391 fuisse
1362 4329 1566 4390 Postumum.
1611 4332 1700 4396 iiam
1731 4336 1834 4387 ιιιιιιι
1861 4331 1958 4381 mont·

424 4423 609 4486 cennalium
625 4425 775 4554 Augusto
792 4427 894 4494 inissa
916 4431 1091 4516 imperium
1107 4449 1174 4514 quer
1231 4443 1377 4494 mentum
1393 4435 1567 4507 Postumo,
1586 4442 1685 4514 atqua
1699 4429 1773 4512 ipso
1790 4425 1880 4490 annm
1894 4415 1958 4480 Ale·

425 4649 580 4817 ququt.
595 4651 724 4868 {izoem
748 4679 814 4740 esp.
835 4675 860 4724 1.
959 4658 996 4736 b)
1015 4660 1084 4726 Vct.
1104 4657 1227 4722 decenn.
1221 4681 1312 4741 ..pag
1330 4658 1683 4738 ttu.c)1..1.vtl
1701 4664 1728 4736 i
1746 4667 1789 4723 et
1884 4646 1958 4724 dli·
