4226 5500
537 560 613 640 AD
644 561 935 641 VOLVMEN
969 557 1255 638 TERTIVM.
1421 549 1426 559 Α
1612 637 1616 644 ,
1646 591 1697 674 59

145 735 308 824 lapidibus
319 733 417 800 sectis
431 745 630 812 constructo,
644 748 679 799 ct
692 734 804 821 liguris
819 757 893 799 ana·
949 745 1156 818 aspernatus,
1186 727 1314 796 sublata
1344 736 1440 822 regni
1472 738 1522 802 sui
1554 759 1692 827 recupe.

146 839 277 924 glyphis
296 850 471 915 exornato,
495 835 583 920 quod
599 836 765 924 hodieque
788 851 893 902 exstat
948 835 1042 899 randi
1064 855 1142 919 spe,
1166 833 1259 918 fungi
1281 837 1488 918 muneribus,
1517 833 1691 926 quactum

141 938 299 1006 Athonis:
949 939 1054 1000 Roma
1083 937 1117 998 iu
1145 936 1233 1001 viros
1259 936 1449 1002 illustrioris
1481 961 1541 1006 scu
1565 946 1691 1024 meriti,

208 1044 246 1108 C.
259 1041 418 1134 muys,
435 1041 473 1104 C.
484 1041 524 1106 F.
624 1025 872 1105 ΒΑΣΙΛΕΤΣ
950 1059 1009 1100 sen
1021 1037 1170 1101 fortunae
1186 1037 1340 1102 conferre
1355 1044 1535 1110 consuevit.
1551 1045 1692 1131 Reliqua

234 1143 335 1208 Fan.
356 1141 496 1206 ANTIO
949 1138 1085 1214 eximia,
1115 1161 1197 1224 quae
1218 1141 1417 1225 epigramma
1435 1144 1520 1207 istud
1539 1147 1693 1231 multipli-

226 1245 350 1308 CHVS.
369 1243 508 1307 PHILO
655 1192 841 1260 ΑΝΤῙῸΧ
949 1240 997 1304 eis
1020 1229 1213 1304 ¹eruditionis
1237 1243 1386 1326 locuples
1420 1247 1583 1325 continet,
1614 1250 1689 1314 uide

220 1345 401 1414 PAPPVS.
420 1344 515 1408 COS.
646 1340 711 1409 ΟΣ
730 1339 852 1409 ΦῙΛΟ
948 1343 1117 1428 praeclare
1137 1343 1296 1426 explicata
1311 1344 1350 1406 ab
1367 1345 1439 1430 ipso
1455 1349 1607 1416 Marinio.

229 1449 422 1510 FRATER.
448 1445 529 1507 AR,
608 1511 609 1517 ἵ

214 1548 357 1618 pffls·
374 1547 520 1614 svm]
652 1493 866 1630 HAHHQE
969 1526 1091 1602 Rubi.
1105 1529 1168 1593 col.
1184 1545 1215 1598 2.
1231 1530 1256 1596 l.
1271 1526 1323 1592 30.
1336 1542 1430 1606 post:
1450 1532 1509 1612 (A
1514 1538 1670 1622 tigoni)

227 1649 506 1718 erasmum
630 1631 838 1710 'atzmu
895 1729 901 1742 ι
1010 1649 1066 1712 ver
1098 1643 1273 1710 em..-
1296 1647 1520 1720 oce1roo1.
1555 1655 1695 1740 (senus

231 1749 500 1916 attia.
654 1792 731 1861 ω
950 1749 1091 1842 tu

264 1951 468 2015 CAESARE
637 1939 852 2008 ΦΑΝΟΤΣ
948 1949 986 2019 P.
997 1953 1069 2017 281.
1080 1954 1143 2018 col.
1156 1973 1182 2018 ι.
1201 1953 1539 2039 corporaturas.
1560 1959 1692 2046 Caes.)

266 2052 465 2216 Tffiffllo
650 2097 749 2167 TOT
772 2095 841 2162 ΑΝ
1010 2076 1086 2201 IHP
1108 2139 1206 2222 (Mus.
1223 2137 1331 2221 Caes.)

264 2253 461 2321 OPTVMO
1776 2317 1786 2337 ,

257 2354 470 2422 Apsspspo
655 2351 838 2418 '1’10X0'r
962 2337 1446 2425 P.nfls.col.u.post:puue
1469 2349 1672 2433 suescit.

232 2497 234 2503 .
276 2457 454 2522 meteo,
1010 2459 1114 2537 Huic,
1163 2481 1261 2544 quem
1300 2464 1472 2544 proposui,
1519 2483 1694 2531 numerum

157 2582 159 2593 ·
205 2559 374 2624 Praeclari
406 2557 502 2641 hujus
516 2557 729 2622 ,mouumenti
752 2557 890 2619 Athenis
946 2560 1089 2622 Neronia
1118 2559 1245 2624 calculo
1278 2561 1468 2627 adversatur
1498 2569 1539 2630 cl.
1563 2569 1696 2634 Saucle·

144 2661 385 2746 sibiconspecti
396 2661 576 2725 meminere
587 2659 744 2721 indefessi
756 2659 893 2742 antiqui·
948 2663 1099 2726 mentius.
1121 2663 1178 2743 (de
1207 2665 1293 2748 vulg.
1311 2685 1386 2728 acra
1411 2687 1444 2749 p.
1462 2668 1548 2748 183.)
1579 2673 1628 2746 Is,
1657 2685 1695 2735 ut

143 2779 247 2828 tatum
262 2779 436 2832 venatores
454 2763 611 2847 Spurius,
633 2764 783 2845 (Voyage
801 2763 840 2824 T.
852 2763 893 2824 ll.
947 2763 1112 2847 probaret,
1132 2762 1343 2828 Antiocheuia
1359 2768 1434 2829 anni
1449 2768 1574 2830 initium
1591 2771 1692 2836 fuisse

142 2885 179 2951 p.
192 2869 280 2950 uod.)
297 2881 330 2930 et
345 2858 545 2943 Whelcrus,
572 2867 721 2948 (voyage
742 2865 782 2927 T.
794 2865 840 2939 ΙΙΙ.
858 2884 890 2945 p.
947 2864 1046 2928 finem
1077 2863 1249 2943 Octobris,
1280 2881 1334 2929 aut
1363 2869 1478 2932 saltem
1508 2885 1583 2953 post
1604 2871 1694 2936 diem

141 2971 235 3052 ΜΨ)
259 2968 319 3032 sed
339 2969 574 3052 negligendum
596 2966 780 3042 duxi,·ncu
805 2963 892 3047 quod
947 2966 1032 3028 Xlll.
1056 2966 1236 3042 Octobris,
1283 2967 1419 3033 advocat
1453 2972 1693 3038 tetradraohma

142 3070 198 3132 his
222 3069 408 3134 auctoribus
431 3069 473 3132 de
501 3069 572 3153 ejus
601 3067 666 3130 fide
695 3065 887 3142 dubitarem,
945 3067 1097 3144 Neronis,
1112 3089 1193 3152 quse
1211 3090 1311 3131 annos
1327 3073 1693 3154 epochaeCacsarianae

144 3170 207 3234 sed
223 3171 265 3236 de
283 3171 410 3234 sincera
426 3171 586 3247 lectione,
612 3190 706 3254 quam
724 3167 757 3228 in
772 3167 889 3230 utrius·
947 3190 1020 3232 curu
1035 3170 1125 3232 cunis
1140 3171 1234 3252 hujus
1251 3173 1388 3255 Augusti
1405 3176 1616 3260 conjungunt,
1633 3178 1695 3241 sci·

145 3293 210 3356 que
248 3272 402 3356 operibus
429 3272 566 3334 nimium
592 3291 690 3354 saepe
719 3270 888 3347 fallacem,
946 3271 1043 3334 licet:
1065 3269 1224 3348 ante,
1243 3271 1532 3354 A1P.1.,1311².1.,
1554 3299 1693 3362 quorum

143 3375 215 3440 sive
230 3373 469 3458 inscriptiones,
489 3375 558 3438 sive
573 3393 689 3436 numos
704 3373 889 3456 vulgarent,
947 3373 1087 3456 primum
1105 3374 1268 3456 cognitum
1281 3375 1346 3458 jam
1362 3391 1410 3438 est
1428 3398 1468 3440 ex
1483 3359 1597 3442 mus'eo
1615 3381 1695 3445 Cae·

146 3475 305 3560 comperi.
348 3477 393 3538 At
419 3475 517 3540 modo
555 3465 770 3558 gratissimam
797 3474 891 3536 nobis
950 3495 1064 3551 sarco,
1091 3473 1229 3537 alterum
1257 3497 1298 3540 ex
1323 3499 1436 3541 museo
1453 3479 1634 3564 d'Ennery,
1660 3495 1696 3547 e't

144 3601 219 3643 rem
238 3577 318 3642 fecit
332 3572 564 3654 ill.'Marinius,
585 3575 661 3638 dum
682 3575 810 3658 insigne
827 3575 892 3639 hoc
952 3578 1043 3658 cujus
1068 3577 1139 3660 ipsc
1177 3598 1307 3662 quoque
1338 3583 1506 3668 exemplar
1529 3585 1692 3667 possidet,

143 3683 344 3766 epigramma
380 3699 420 3741 ex
448 3679 562 3743 codice
600 3677 722 3742 saeculi
744 3678 816 3742 XV.
837 3675 892 3746 'bi-
949 3679 1079 3740 tertium
1103 3680 1180 3740 item
1206 3700 1247 3742 ex
1270 3701 1384 3744 museo
1409 3685 1581 3751 Caesareo.
1602 3688 1694 3750 'Cum

141 3781 329 3847 hliothecae
342 3781 542 3845 Barberinae
561 3779 725 3842 sincerum
741 3779 891 3862 vulgaret
949 3779 1037 3843 idem
1053 3781 1194 3842 Neronis
1212 3805 1312 3846 annus
1328 3787 1371 3861 l.,
1390 3807 1450 3849 seu
1465 3787 1626 3867 decimus,
1647 3790 1695 3853 le·

141 3882 251 3948 addita
274 3885 416 3968 insuper!
428 3884 498 3966 ejus
515 3881 717 3944 monumenti
736 3881 888 3964 imagine.
950 3894 1044 3965 gutur
1058 3881 1146 3964 juxta
1170 3883 1265 3947 binos
1284 3907 1393 3948 *annos
1416 3887 1562 3952 diversos
1580 3911 1693 3964 aerae,
1825 3903 1827 3919 '

142 3988 248 4064 (Frat.
275 4009 343 4050 arv.
365 3985 445 4048 Tab.
468 3986 570 4064 LVI.)
603 3986 712 4047 Docet
737 3985 819 4047 haec
838 3983 890 4044 in·
947 4004 1066 4067 nempe
1088 3983 1504 4062 tt1P.etB1P.,necesss
1527 4003 1594 4068 est,
1618 4009 1694 4058 eum

143 4088 296 4172 scriptio,
318 4088 523 4172 Epiphanem
548 4085 701 4148 Antiochi
716 4087 773 4152 tv.
795 4085 890 4148 Com·
948 4084 1126 4174 convenire
1162 4087 1245 4169 parti
1266 4089 1341 4148 anni
1364 4090 1562 4153 Antiocheni
1584 4091 1693 4171 Am,
1820 4100 1826 4112 “

141 4191 275 4275 magoni
290 4189 393 4252 filium
412 4193 554 4266 Romae,
582 4187 749 4272 quodiam
766 4201 891 4250 consta·
927 4261 933 4274 ,
950 4201 984 4249 ct
995 4185 1079 4270 parti
1099 4187 1173 4249 anni
1190 4185 1292 4264 BIP.,
1318 4191 1430 4252 Annus
1448 4192 1569 4274 primus
1587 4195 1693 4258 Nero·

142 4293 216 4372 hat,
251 4291 364 4357 sedem
390 4293 517 4380 fixisse,
546 4290 733 4373 factumque
764 4303 889 4371 patrem
946 4289 998 4350 nis
1025 4290 1135 4372 coepit
1159 4287 1211 4352 die
1228 4291 1314 4357 xflt.
1332 4291 1487 4358 Octobris
1504 4296 1546 4362 V.
1564 4296 1598 4358 C.
1616 4298 1693 4377 807,

144 4393 208 4456 lilii
236 4393 408 4471 Antiochi,
451 4394 509 4478 qui
543 4413 617 4456 sese
652 4391 695 4454 oh
725 4391 890 4454 adfectum
948 4411 1031 4473 ergo
1057 4413 1157 4453 annus
1182 4391 1327 4456 decimus
1348 4395 1466 4458 eodem
1488 4395 1633 4459 dicandi
1652 4399 1693 4465 U.

142 4497 178 4558 in
215 4517 310 4562 avum
338 4495 538 4559 Antiochum
565 4497 622 4561 tv.
654 4487 889 4578 Philopapum,
948 4493 984 4554 C.
1002 4492 1064 4557 urb
1084 4493 1190 4558 inivit.
1219 4496 1331 4558 Annus
1358 4518 1453 4560 acrae
1479 4497 1566 4564 ΑΙΡ.
1585 4502 1696 4585 coepit

146 4603 404 4674 redamantem,
427 4613 460 4660 et
483 4597 555 4677 jure
575 4595 661 4660 avito
682 4616 806 4678 regem,
831 4596 891 4660 scd
947 4593 981 4654 iu
997 4607 1151 4658 autumno
1167 4597 1205 4660 U.
1214 4599 1335 4662 ottus.
1364 4599 1461 4688 Quod
1483 4599 1510 4662 si
1533 4603 1698 4686 coepisset

143 4700 185 4764 ad
209 4699 372 4766 vitandam
391 4699 544 4764 invidiam
561 4712 684 4760 tuntum
704 4697 736 4759 in
757 4699 891 4782 inscrip·
949 4709 1024 4759 ente
1046 4695 1135 4759 diem
1152 4691 1239 4762 xttt.
1260 4700 1430 4778 Octobris,
1452 4725 1517 4764 uon
1538 4705 1698 4788 potuisset

145 4803 235 4868 tione
253 4801 403 4898 ¹Graeca,
425 4799 541 4868 vocari
562 4799 683 4880 voluit,
714 4818 822 4884 nequo
838 4812 893 4864 est
949 4819 1026 4862 cnm
1048 4798 1112 4863 hoo
1136 4801 1291 4886 conjungi
1311 4825 1411 4866 sunus
1442 4807 1584 4871 Neronis
1613 4807 1702 4872 dcci·
