<?xml version="1.0" encoding="UTF-8"?>
<!DOCTYPE html PUBLIC "-//W3C//DTD XHTML 1.0 Transitional//EN"
    "http://www.w3.org/TR/xhtml1/DTD/xhtml1-transitional.dtd">
<html xmlns="http://www.w3.org/1999/xhtml" xml:lang="en" lang="en">
 <head>
  <title>
</title>
<meta http-equiv="Content-Type" content="text/html;charset=utf-8" />
  <meta name='ocr-system' content='tesseract 3.04.00' />
  <meta name='ocr-capabilities' content='ocr_page ocr_carea ocr_par ocr_line ocrx_word'/>
</head>
<body>
  <div class='ocr_page' id='page_1' title='image "./doctrinanumorum01hohlgoog_0603.png"; bbox 0 0 4226 5500; ppageno 0'>
   <div class='ocr_carea' id='block_1_1' title="bbox 427 575 1522 670">
    <p class='ocr_par' dir='ltr' id='par_1_1' title="bbox 427 575 1522 670">
     <span class='ocr_line' id='line_1_1' title="bbox 427 575 1522 670; baseline -0.004 -16"><span class='ocrx_word' id='word_1_1' title='bbox 427 605 487 654; x_wconf 78' lang='lat' dir='ltr'>rur</span> <span class='ocrx_word' id='word_1_2' title='bbox 844 578 1154 670; x_wconf 70' lang='lat' dir='ltr'>,Nortutt</span> <span class='ocrx_word' id='word_1_3' title='bbox 1185 575 1522 653; x_wconf 63' lang='lat' dir='ltr'>multotius</span> 
     </span>
    </p>
   </div>
   <div class='ocr_carea' id='block_1_2' title="bbox 408 721 1968 2586">
    <p class='ocr_par' dir='ltr' id='par_1_2' title="bbox 427 721 1968 1520">
     <span class='ocr_line' id='line_1_2' title="bbox 430 721 1964 852; baseline -0.007 -22"><span class='ocrx_word' id='word_1_4' title='bbox 430 747 633 830; x_wconf 80' lang='lat' dir='ltr'>secundnm</span> <span class='ocrx_word' id='word_1_5' title='bbox 653 750 941 852; x_wconf 76' lang='lat' dir='ltr'>magnitudinem</span> <span class='ocrx_word' id='word_1_6' title='bbox 960 748 1133 824; x_wconf 63' lang='lat' dir='ltr'>interius</span> <span class='ocrx_word' id='word_1_7' title='bbox 1151 733 1267 826; x_wconf 81' lang='lat' dir='ltr'>series</span> <span class='ocrx_word' id='word_1_8' title='bbox 1284 745 1445 824; x_wconf 87' lang='lat' dir='ltr'>ordinari</span> <span class='ocrx_word' id='word_1_9' title='bbox 1462 721 1747 836; x_wconf 77' lang='lat' dir='ltr'>consueverant,</span> <span class='ocrx_word' id='word_1_10' title='bbox 1769 744 1875 820; x_wconf 70' lang='lat' dir='ltr'>itaut</span> <span class='ocrx_word' id='word_1_11' title='bbox 1889 747 1964 848; x_wconf 89' lang='lat' dir='ltr'>pri·</span> 
     </span>
     <span class='ocr_line' id='line_1_3' title="bbox 429 879 1964 982; baseline -0.005 -20"><span class='ocrx_word' id='word_1_12' title='bbox 429 913 528 962; x_wconf 85' lang='lat' dir='ltr'>mum</span> <span class='ocrx_word' id='word_1_13' title='bbox 551 885 654 959; x_wconf 86' lang='lat' dir='ltr'>numi</span> <span class='ocrx_word' id='word_1_14' title='bbox 676 885 864 960; x_wconf 76' lang='lat' dir='ltr'><strong>autonomi</strong></span> <span class='ocrx_word' id='word_1_15' title='bbox 883 884 1013 958; x_wconf 87' lang='lat' dir='ltr'>ordine</span> <span class='ocrx_word' id='word_1_16' title='bbox 1033 881 1266 982; x_wconf 69' lang='lat' dir='ltr'>alphabetico</span> <span class='ocrx_word' id='word_1_17' title='bbox 1286 897 1324 953; x_wconf 90' lang='lat' dir='ltr'>et</span> <span class='ocrx_word' id='word_1_18' title='bbox 1343 879 1545 956; x_wconf 79' lang='lat' dir='ltr'>secantium</span> <span class='ocrx_word' id='word_1_19' title='bbox 1562 880 1698 956; x_wconf 84' lang='lat' dir='ltr'>netalli</span> <span class='ocrx_word' id='word_1_20' title='bbox 1715 905 1833 981; x_wconf 83' lang='lat' dir='ltr'>genus</span> <span class='ocrx_word' id='word_1_21' title='bbox 1849 880 1964 956; x_wconf 85' lang='lat' dir='ltr'>collo·</span> 
     </span>
     <span class='ocr_line' id='line_1_4' title="bbox 428 1001 1967 1116; baseline -0.003 -20"><span class='ocrx_word' id='word_1_22' title='bbox 428 1037 620 1116; x_wconf 64' lang='lat' dir='ltr'>urenturt</span> <span class='ocrx_word' id='word_1_23' title='bbox 647 1019 784 1094; x_wconf 85' lang='lat' dir='ltr'>deindo</span> <span class='ocrx_word' id='word_1_24' title='bbox 810 1019 917 1092; x_wconf 83' lang='lat' dir='ltr'>nonni</span> <span class='ocrx_word' id='word_1_25' title='bbox 929 1017 1024 1116; x_wconf 88' lang='lat' dir='ltr'>regii</span> <span class='ocrx_word' id='word_1_26' title='bbox 1043 1013 1245 1092; x_wconf 84' lang='lat' dir='ltr'>secundum</span> <span class='ocrx_word' id='word_1_27' title='bbox 1262 1013 1450 1088; x_wconf 83' lang='lat' dir='ltr'>nodotum</span> <span class='ocrx_word' id='word_1_28' title='bbox 1474 1032 1512 1090; x_wconf 91' lang='lat' dir='ltr'>et</span> <span class='ocrx_word' id='word_1_29' title='bbox 1531 1013 1666 1090; x_wconf 87' lang='lat' dir='ltr'>metalli</span> <span class='ocrx_word' id='word_1_30' title='bbox 1682 1001 1819 1114; x_wconf 70' lang='lat' dir='ltr'>gentis,</span> <span class='ocrx_word' id='word_1_31' title='bbox 1838 1031 1967 1113; x_wconf 76' lang='lat' dir='ltr'>poetes</span> 
     </span>
     <span class='ocr_line' id='line_1_5' title="bbox 427 1149 1968 1249; baseline -0.002 -21"><span class='ocrx_word' id='word_1_32' title='bbox 427 1155 531 1229; x_wconf 86' lang='lat' dir='ltr'>nomi</span> <span class='ocrx_word' id='word_1_33' title='bbox 547 1157 797 1228; x_wconf 80' lang='lat' dir='ltr'>Romanorum</span> <span class='ocrx_word' id='word_1_34' title='bbox 820 1152 1043 1228; x_wconf 84' lang='lat' dir='ltr'>Consulsree</span> <span class='ocrx_word' id='word_1_35' title='bbox 1058 1167 1097 1226; x_wconf 86' lang='lat' dir='ltr'>et</span> <span class='ocrx_word' id='word_1_36' title='bbox 1108 1149 1338 1249; x_wconf 74' lang='lat' dir='ltr'>imperatorii</span> <span class='ocrx_word' id='word_1_37' title='bbox 1354 1149 1481 1224; x_wconf 83' lang='lat' dir='ltr'>itidem</span> <span class='ocrx_word' id='word_1_38' title='bbox 1501 1149 1700 1225; x_wconf 80' lang='lat' dir='ltr'>secundum</span> <span class='ocrx_word' id='word_1_39' title='bbox 1721 1149 1910 1224; x_wconf 80' lang='lat' dir='ltr'>modulum</span> <span class='ocrx_word' id='word_1_40' title='bbox 1930 1167 1968 1224; x_wconf 88' lang='lat' dir='ltr'>et</span> 
     </span>
     <span class='ocr_line' id='line_1_6' title="bbox 427 1281 1967 1388; baseline -0.001 -26"><span class='ocrx_word' id='word_1_41' title='bbox 427 1287 566 1362; x_wconf 72' lang='lat' dir='ltr'>metelli</span> <span class='ocrx_word' id='word_1_42' title='bbox 594 1313 711 1388; x_wconf 87' lang='lat' dir='ltr'>genus</span> <span class='ocrx_word' id='word_1_43' title='bbox 733 1287 1058 1374; x_wconf 84' lang='lat' dir='ltr'>distribuerentur,</span> <span class='ocrx_word' id='word_1_44' title='bbox 1084 1283 1219 1384; x_wconf 83' lang='lat' dir='ltr'>quibus</span> <span class='ocrx_word' id='word_1_45' title='bbox 1239 1283 1306 1358; x_wconf 84' lang='lat' dir='ltr'>olii</span> <span class='ocrx_word' id='word_1_46' title='bbox 1322 1307 1453 1358; x_wconf 86' lang='lat' dir='ltr'>numos</span> <span class='ocrx_word' id='word_1_47' title='bbox 1476 1281 1702 1358; x_wconf 78' lang='lat' dir='ltr'>coloniarum</span> <span class='ocrx_word' id='word_1_48' title='bbox 1716 1283 1892 1360; x_wconf 70' lang='lat' dir='ltr'>adserere</span> <span class='ocrx_word' id='word_1_49' title='bbox 1908 1307 1967 1360; x_wconf 85' lang='lat' dir='ltr'>tc·</span> 
     </span>
     <span class='ocr_line' id='line_1_7' title="bbox 428 1415 1625 1520; baseline 0 -26"><span class='ocrx_word' id='word_1_50' title='bbox 428 1421 579 1512; x_wconf 84' lang='lat' dir='ltr'>lebent,</span> <span class='ocrx_word' id='word_1_51' title='bbox 605 1421 667 1496; x_wconf 84' lang='lat' dir='ltr'>olii</span> <span class='ocrx_word' id='word_1_52' title='bbox 688 1446 775 1496; x_wconf 82' lang='lat' dir='ltr'>vero</span> <span class='ocrx_word' id='word_1_53' title='bbox 799 1421 842 1494; x_wconf 84' lang='lat' dir='ltr'>in</span> <span class='ocrx_word' id='word_1_54' title='bbox 860 1419 1066 1520; x_wconf 86' lang='lat' dir='ltr'>peculisree</span> <span class='ocrx_word' id='word_1_55' title='bbox 1088 1417 1209 1492; x_wconf 68' lang='lat' dir='ltr'>senes</span> <span class='ocrx_word' id='word_1_56' title='bbox 1223 1419 1421 1516; x_wconf 85' lang='lat' dir='ltr'>sejungere</span> <span class='ocrx_word' id='word_1_57' title='bbox 1445 1415 1625 1494; x_wconf 72' lang='lat' dir='ltr'>anthane</span> 
     </span>
    </p>

    <p class='ocr_par' dir='ltr' id='par_1_3' title="bbox 408 1543 1968 2456">
     <span class='ocr_line' id='line_1_8' title="bbox 530 1543 1968 1655; baseline -0.001 -27"><span class='ocrx_word' id='word_1_58' title='bbox 530 1555 635 1655; x_wconf 85' lang='lat' dir='ltr'>Quae</span> <span class='ocrx_word' id='word_1_59' title='bbox 664 1551 909 1630; x_wconf 84' lang='lat' dir='ltr'>distribuendi</span> <span class='ocrx_word' id='word_1_60' title='bbox 931 1550 1148 1642; x_wconf 73' lang='lat' dir='ltr'>methodus,</span> <span class='ocrx_word' id='word_1_61' title='bbox 1181 1577 1402 1652; x_wconf 81' lang='lat' dir='ltr'>quemquem</span> <span class='ocrx_word' id='word_1_62' title='bbox 1425 1575 1448 1626; x_wconf 83' lang='lat' dir='ltr'>a</span> <span class='ocrx_word' id='word_1_63' title='bbox 1475 1549 1681 1650; x_wconf 69' lang='lat' dir='ltr'><strong>praecipuis</strong></span> <span class='ocrx_word' id='word_1_64' title='bbox 1704 1543 1968 1626; x_wconf 82' lang='lat' dir='ltr'>nereisntcticit</span> 
     </span>
     <span class='ocr_line' id='line_1_9' title="bbox 429 1684 1967 1794; baseline -0.001 -34"><span class='ocrx_word' id='word_1_65' title='bbox 429 1687 602 1783; x_wconf 80' lang='lat' dir='ltr'>sdoptete</span> <span class='ocrx_word' id='word_1_66' title='bbox 622 1705 662 1762; x_wconf 83' lang='lat' dir='ltr'>et</span> <span class='ocrx_word' id='word_1_67' title='bbox 682 1687 719 1760; x_wconf 89' lang='lat' dir='ltr'>in</span> <span class='ocrx_word' id='word_1_68' title='bbox 738 1687 1037 1794; x_wconf 70' lang='lat' dir='ltr'>locupletissimis</span> <span class='ocrx_word' id='word_1_69' title='bbox 1055 1685 1191 1762; x_wconf 70' lang='lat' dir='ltr'>Mutela</span> <span class='ocrx_word' id='word_1_70' title='bbox 1211 1685 1375 1762; x_wconf 72' lang='lat' dir='ltr'>adhibite</span> <span class='ocrx_word' id='word_1_71' title='bbox 1396 1684 1535 1774; x_wconf 65' lang='lat' dir='ltr'>fuerit,</span> <span class='ocrx_word' id='word_1_72' title='bbox 1566 1701 1687 1760; x_wconf 76' lang='lat' dir='ltr'>temen</span> <span class='ocrx_word' id='word_1_73' title='bbox 1712 1712 1822 1785; x_wconf 82' lang='lat' dir='ltr'>quam</span> <span class='ocrx_word' id='word_1_74' title='bbox 1842 1711 1967 1786; x_wconf 80' lang='lat' dir='ltr'>parunt</span> 
     </span>
     <span class='ocr_line' id='line_1_10' title="bbox 428 1817 1967 1918; baseline -0.003 -22"><span class='ocrx_word' id='word_1_75' title='bbox 428 1821 621 1896; x_wconf 82' lang='lat' dir='ltr'>commoda</span> <span class='ocrx_word' id='word_1_76' title='bbox 635 1819 694 1910; x_wconf 87' lang='lat' dir='ltr'>sit,</span> <span class='ocrx_word' id='word_1_77' title='bbox 718 1819 829 1894; x_wconf 78' lang='lat' dir='ltr'>facile</span> <span class='ocrx_word' id='word_1_78' title='bbox 850 1819 1077 1918; x_wconf 79' lang='lat' dir='ltr'>intelligitur.</span> <span class='ocrx_word' id='word_1_79' title='bbox 1102 1821 1153 1896; x_wconf 87' lang='lat' dir='ltr'>Ut</span> <span class='ocrx_word' id='word_1_80' title='bbox 1176 1819 1272 1894; x_wconf 87' lang='lat' dir='ltr'>enim</span> <span class='ocrx_word' id='word_1_81' title='bbox 1288 1817 1454 1900; x_wconf 77' lang='lat' dir='ltr'>ordinent</span> <span class='ocrx_word' id='word_1_82' title='bbox 1467 1843 1586 1890; x_wconf 80' lang='lat' dir='ltr'>rernm</span> <span class='ocrx_word' id='word_1_83' title='bbox 1599 1837 1780 1916; x_wconf 84' lang='lat' dir='ltr'>gestarum</span> <span class='ocrx_word' id='word_1_84' title='bbox 1792 1819 1967 1918; x_wconf 57' lang='lat' dir='ltr'>acueris,</span> 
     </span>
     <span class='ocr_line' id='line_1_11' title="bbox 408 1929 1967 2054; baseline -0.004 -24"><span class='ocrx_word' id='word_1_85' title='bbox 408 1953 520 2030; x_wconf 83' lang='lat' dir='ltr'>&#39;alies</span> <span class='ocrx_word' id='word_1_86' title='bbox 541 1971 654 2054; x_wconf 82' lang='lat' dir='ltr'>etque</span> <span class='ocrx_word' id='word_1_87' title='bbox 674 1953 766 2028; x_wconf 83' lang='lat' dir='ltr'>alins</span> <span class='ocrx_word' id='word_1_88' title='bbox 787 1954 903 2028; x_wconf 85' lang='lat' dir='ltr'>series</span> <span class='ocrx_word' id='word_1_89' title='bbox 926 1978 1120 2026; x_wconf 84' lang='lat' dir='ltr'>nemorum</span> <span class='ocrx_word' id='word_1_90' title='bbox 1141 1952 1345 2028; x_wconf 79' lang='lat' dir='ltr'>secundum</span> <span class='ocrx_word' id='word_1_91' title='bbox 1365 1929 1535 2026; x_wconf 79' lang='lat' dir='ltr'>modulos</span> <span class='ocrx_word' id='word_1_92' title='bbox 1555 1969 1593 2026; x_wconf 87' lang='lat' dir='ltr'>et</span> <span class='ocrx_word' id='word_1_93' title='bbox 1614 1952 1764 2028; x_wconf 75' lang='lat' dir='ltr'>metelle</span> <span class='ocrx_word' id='word_1_94' title='bbox 1773 1953 1967 2027; x_wconf 81' lang='lat' dir='ltr'>distinctus</span> 
     </span>
     <span class='ocr_line' id='line_1_12' title="bbox 427 2085 1968 2193; baseline -0.001 -31"><span class='ocrx_word' id='word_1_95' title='bbox 427 2087 672 2193; x_wconf 82' lang='lat' dir='ltr'>perscruteris</span> <span class='ocrx_word' id='word_1_96' title='bbox 683 2113 839 2163; x_wconf 84' lang='lat' dir='ltr'>necesso</span> <span class='ocrx_word' id='word_1_97' title='bbox 862 2103 930 2162; x_wconf 83' lang='lat' dir='ltr'>est.</span> <span class='ocrx_word' id='word_1_98' title='bbox 948 2089 1065 2160; x_wconf 85' lang='lat' dir='ltr'>Porro</span> <span class='ocrx_word' id='word_1_99' title='bbox 1084 2085 1152 2176; x_wconf 81' lang='lat' dir='ltr'>fit,</span> <span class='ocrx_word' id='word_1_100' title='bbox 1176 2103 1217 2160; x_wconf 87' lang='lat' dir='ltr'>at</span> <span class='ocrx_word' id='word_1_101' title='bbox 1234 2087 1335 2158; x_wconf 83' lang='lat' dir='ltr'>nomi</span> <span class='ocrx_word' id='word_1_102' title='bbox 1355 2105 1514 2162; x_wconf 86' lang='lat' dir='ltr'>terarnan</span> <span class='ocrx_word' id='word_1_103' title='bbox 1527 2085 1737 2184; x_wconf 81' lang='lat' dir='ltr'>longissime</span> <span class='ocrx_word' id='word_1_104' title='bbox 1750 2087 1968 2174; x_wconf 63' lang='lat' dir='ltr'>distantim</span> 
     </span>
     <span class='ocr_line' id='line_1_13' title="bbox 427 2191 1968 2320; baseline -0.004 -22"><span class='ocrx_word' id='word_1_105' title='bbox 427 2221 611 2316; x_wconf 78' lang='lat' dir='ltr'>siquidem</span> <span class='ocrx_word' id='word_1_106' title='bbox 630 2221 760 2296; x_wconf 82' lang='lat' dir='ltr'>ordine</span> <span class='ocrx_word' id='word_1_107' title='bbox 773 2191 1007 2320; x_wconf 74' lang='lat' dir='ltr'>alphabetico</span> <span class='ocrx_word' id='word_1_108' title='bbox 1029 2245 1070 2294; x_wconf 87' lang='lat' dir='ltr'>se</span> <span class='ocrx_word' id='word_1_109' title='bbox 1084 2218 1279 2318; x_wconf 80' lang='lat' dir='ltr'>excipiant,</span> <span class='ocrx_word' id='word_1_110' title='bbox 1296 2245 1412 2320; x_wconf 84' lang='lat' dir='ltr'>penes</span> <span class='ocrx_word' id='word_1_111' title='bbox 1423 2245 1464 2294; x_wconf 88' lang='lat' dir='ltr'>se</span> <span class='ocrx_word' id='word_1_112' title='bbox 1485 2218 1714 2294; x_wconf 72' lang='lat' dir='ltr'>collocentur</span> <span class='ocrx_word' id='word_1_113' title='bbox 1732 2247 1765 2294; x_wconf 82' lang='lat' dir='ltr'>v.</span> <span class='ocrx_word' id='word_1_114' title='bbox 1776 2247 1811 2319; x_wconf 91' lang='lat' dir='ltr'>g.</span> <span class='ocrx_word' id='word_1_115' title='bbox 1823 2219 1968 2293; x_wconf 82' lang='lat' dir='ltr'>Panti-</span> 
     </span>
     <span class='ocr_line' id='line_1_14' title="bbox 430 2351 1947 2456; baseline -0.005 -24"><span class='ocrx_word' id='word_1_116' title='bbox 430 2381 648 2456; x_wconf 82' lang='lat' dir='ltr'>ettpeeum</span> <span class='ocrx_word' id='word_1_117' title='bbox 670 2354 711 2426; x_wconf 90' lang='lat' dir='ltr'>in</span> <span class='ocrx_word' id='word_1_118' title='bbox 723 2353 896 2442; x_wconf 74' lang='lat' dir='ltr'>Tauride,</span> <span class='ocrx_word' id='word_1_119' title='bbox 913 2357 1155 2428; x_wconf 82' lang='lat' dir='ltr'>Panormos</span> <span class='ocrx_word' id='word_1_120' title='bbox 1171 2353 1361 2443; x_wconf 87' lang='lat' dir='ltr'>inSioilitt,</span> <span class='ocrx_word' id='word_1_121' title='bbox 1383 2353 1605 2453; x_wconf 78' lang='lat' dir='ltr'>etb’apbcs</span> <span class='ocrx_word' id='word_1_122' title='bbox 1625 2353 1664 2426; x_wconf 88' lang='lat' dir='ltr'>in</span> <span class='ocrx_word' id='word_1_123' title='bbox 1676 2353 1801 2453; x_wconf 72' lang='lat' dir='ltr'>Cypro</span> <span class='ocrx_word' id='word_1_124' title='bbox 1821 2351 1947 2426; x_wconf 84' lang='lat' dir='ltr'>insula.</span> 
     </span>
    </p>

    <p class='ocr_par' dir='ltr' id='par_1_4' title="bbox 502 2485 1963 2586">
     <span class='ocr_line' id='line_1_15' title="bbox 502 2485 1963 2586; baseline 0.001 -26"><span class='ocrx_word' id='word_1_125' title='bbox 502 2487 782 2576; x_wconf 86' lang='lat' dir='ltr'>Pellerinus,</span> <span class='ocrx_word' id='word_1_126' title='bbox 807 2485 1017 2586; x_wconf 85' lang='lat' dir='ltr'>hujusmodi</span> <span class='ocrx_word' id='word_1_127' title='bbox 1035 2485 1328 2562; x_wconf 82' lang='lat' dir='ltr'>distributionem</span> <span class='ocrx_word' id='word_1_128' title='bbox 1352 2485 1560 2560; x_wconf 84' lang='lat' dir='ltr'>ometbcdo</span> <span class='ocrx_word' id='word_1_129' title='bbox 1579 2487 1847 2586; x_wconf 86' lang='lat' dir='ltr'>pbilosopbictr,</span> <span class='ocrx_word' id='word_1_130' title='bbox 1872 2512 1963 2585; x_wconf 82' lang='lat' dir='ltr'>queo</span> 
     </span>
    </p>
   </div>
   <div class='ocr_carea' id='block_1_3' title="bbox 433 2617 2093 2721">
    <p class='ocr_par' dir='ltr' id='par_1_5' title="bbox 433 2617 2093 2721">
     <span class='ocr_line' id='line_1_16' title="bbox 433 2617 2093 2721; baseline 0.004 -30"><span class='ocrx_word' id='word_1_131' title='bbox 433 2622 615 2721; x_wconf 79' lang='lat' dir='ltr'>cujusque</span> <span class='ocrx_word' id='word_1_132' title='bbox 639 2619 815 2706; x_wconf 74' lang='lat' dir='ltr'>scientiae</span> <span class='ocrx_word' id='word_1_133' title='bbox 843 2617 942 2694; x_wconf 78' lang='lat' dir='ltr'>breis</span> <span class='ocrx_word' id='word_1_134' title='bbox 972 2620 1042 2709; x_wconf 86' lang='lat' dir='ltr'>sit,</span> <span class='ocrx_word' id='word_1_135' title='bbox 1067 2645 1223 2694; x_wconf 86' lang='lat' dir='ltr'>necesse</span> <span class='ocrx_word' id='word_1_136' title='bbox 1248 2637 1325 2710; x_wconf 85' lang='lat' dir='ltr'>est,</span> <span class='ocrx_word' id='word_1_137' title='bbox 1348 2619 1563 2720; x_wconf 84' lang='lat' dir='ltr'>longissime</span> <span class='ocrx_word' id='word_1_138' title='bbox 1591 2621 1763 2696; x_wconf 75' lang='lat' dir='ltr'>aberrare</span> <span class='ocrx_word' id='word_1_139' title='bbox 1793 2622 1964 2708; x_wconf 72' lang='lat' dir='ltr'>sentiens</span> <span class='ocrx_word' id='word_1_140' title='bbox 2092 2713 2093 2719; x_wconf 8' lang='grc' dir='ltr'>η</span> 
     </span>
    </p>
   </div>
   <div class='ocr_carea' id='block_1_4' title="bbox 426 2753 1964 3260">
    <p class='ocr_par' dir='ltr' id='par_1_6' title="bbox 426 2753 1964 3260">
     <span class='ocr_line' id='line_1_17' title="bbox 426 2753 1964 2856; baseline -0.003 -26"><span class='ocrx_word' id='word_1_141' title='bbox 426 2781 557 2830; x_wconf 82' lang='lat' dir='ltr'>norom</span> <span class='ocrx_word' id='word_1_142' title='bbox 580 2755 620 2826; x_wconf 90' lang='lat' dir='ltr'>in</span> <span class='ocrx_word' id='word_1_143' title='bbox 641 2754 711 2840; x_wconf 89' lang='lat' dir='ltr'>bac</span> <span class='ocrx_word' id='word_1_144' title='bbox 731 2753 880 2827; x_wconf 82' lang='lat' dir='ltr'>teriam</span> <span class='ocrx_word' id='word_1_145' title='bbox 898 2753 1112 2852; x_wconf 81' lang='lat' dir='ltr'>patefecere</span> <span class='ocrx_word' id='word_1_146' title='bbox 1126 2771 1280 2828; x_wconf 65' lang='lat' dir='ltr'>conans</span> <span class='ocrx_word' id='word_1_147' title='bbox 1304 2771 1381 2844; x_wconf 84' lang='lat' dir='ltr'>est,</span> <span class='ocrx_word' id='word_1_148' title='bbox 1408 2779 1536 2853; x_wconf 83' lang='lat' dir='ltr'>eoque</span> <span class='ocrx_word' id='word_1_149' title='bbox 1553 2756 1742 2856; x_wconf 79' lang='lat' dir='ltr'>pervenit,</span> <span class='ocrx_word' id='word_1_150' title='bbox 1766 2771 1809 2830; x_wconf 81' lang='lat' dir='ltr'>ut</span> <span class='ocrx_word' id='word_1_151' title='bbox 1838 2779 1964 2828; x_wconf 81' lang='lat' dir='ltr'>nonos</span> 
     </span>
     <span class='ocr_line' id='line_1_18' title="bbox 428 2885 1964 2988; baseline -0.001 -26"><span class='ocrx_word' id='word_1_152' title='bbox 428 2889 574 2964; x_wconf 86' lang='lat' dir='ltr'>urbium</span> <span class='ocrx_word' id='word_1_153' title='bbox 605 2887 806 2961; x_wconf 70' lang='lat' dir='ltr'>wcunduan</span> <span class='ocrx_word' id='word_1_154' title='bbox 839 2887 1030 2986; x_wconf 87' lang='lat' dir='ltr'>regiones,</span> <span class='ocrx_word' id='word_1_155' title='bbox 1064 2885 1165 2960; x_wconf 83' lang='lat' dir='ltr'>unde</span> <span class='ocrx_word' id='word_1_156' title='bbox 1190 2886 1368 2986; x_wconf 82' lang='lat' dir='ltr'>originem</span> <span class='ocrx_word' id='word_1_157' title='bbox 1396 2889 1609 2979; x_wconf 85' lang='lat' dir='ltr'>traherent,</span> <span class='ocrx_word' id='word_1_158' title='bbox 1634 2890 1831 2965; x_wconf 70' lang='lat' dir='ltr'>ordinerete</span> <span class='ocrx_word' id='word_1_159' title='bbox 1868 2890 1964 2988; x_wconf 80' lang='lat' dir='ltr'>Qete</span> 
     </span>
     <span class='ocr_line' id='line_1_19' title="bbox 429 3019 1962 3121; baseline -0.003 -23"><span class='ocrx_word' id='word_1_160' title='bbox 429 3021 627 3098; x_wconf 78' lang='lat' dir='ltr'>ordinandi</span> <span class='ocrx_word' id='word_1_161' title='bbox 647 3021 742 3095; x_wconf 83' lang='lat' dir='ltr'>ratio</span> <span class='ocrx_word' id='word_1_162' title='bbox 760 3047 929 3120; x_wconf 73' lang='lat' dir='ltr'>magnam</span> <span class='ocrx_word' id='word_1_163' title='bbox 951 3019 1100 3120; x_wconf 82' lang='lat' dir='ltr'>quidem</span> <span class='ocrx_word' id='word_1_164' title='bbox 1120 3046 1311 3096; x_wconf 84' lang='lat' dir='ltr'>numerum</span> <span class='ocrx_word' id='word_1_165' title='bbox 1331 3021 1627 3121; x_wconf 63' lang='lat' dir='ltr'>explicandorum</span> <span class='ocrx_word' id='word_1_166' title='bbox 1648 3023 1861 3096; x_wconf 80' lang='lat' dir='ltr'>facilitatem</span> <span class='ocrx_word' id='word_1_167' title='bbox 1884 3046 1962 3120; x_wconf 90' lang='lat' dir='ltr'>snp-</span> 
     </span>
     <span class='ocr_line' id='line_1_20' title="bbox 428 3153 1963 3260; baseline -0.003 -28"><span class='ocrx_word' id='word_1_168' title='bbox 428 3156 638 3260; x_wconf 78' lang='lat' dir='ltr'>peditabat3</span> <span class='ocrx_word' id='word_1_169' title='bbox 664 3181 790 3230; x_wconf 79' lang='lat' dir='ltr'>rerurn</span> <span class='ocrx_word' id='word_1_170' title='bbox 809 3172 939 3230; x_wconf 88' lang='lat' dir='ltr'>auctor</span> <span class='ocrx_word' id='word_1_171' title='bbox 961 3153 1057 3232; x_wconf 82' lang='lat' dir='ltr'>benc</span> <span class='ocrx_word' id='word_1_172' title='bbox 1073 3153 1167 3230; x_wconf 83' lang='lat' dir='ltr'>riam</span> <span class='ocrx_word' id='word_1_173' title='bbox 1187 3153 1284 3228; x_wconf 85' lang='lat' dir='ltr'>baad</span> <span class='ocrx_word' id='word_1_174' title='bbox 1304 3157 1392 3230; x_wconf 84' lang='lat' dir='ltr'>setis</span> <span class='ocrx_word' id='word_1_175' title='bbox 1410 3156 1526 3256; x_wconf 88' lang='lat' dir='ltr'>longe</span> <span class='ocrx_word' id='word_1_176' title='bbox 1545 3175 1792 3256; x_wconf 83' lang='lat' dir='ltr'>prosequutus</span> <span class='ocrx_word' id='word_1_177' title='bbox 1814 3173 1881 3245; x_wconf 86' lang='lat' dir='ltr'>est,</span> <span class='ocrx_word' id='word_1_178' title='bbox 1902 3155 1963 3230; x_wconf 83' lang='lat' dir='ltr'>sed</span> 
     </span>
    </p>
   </div>
   <div class='ocr_carea' id='block_1_5' title="bbox 430 3283 2091 3390">
    <p class='ocr_par' dir='ltr' id='par_1_7' title="bbox 430 3283 2091 3390">
     <span class='ocr_line' id='line_1_21' title="bbox 430 3283 2091 3390; baseline -0.003 -25"><span class='ocrx_word' id='word_1_179' title='bbox 430 3289 538 3388; x_wconf 77' lang='lat' dir='ltr'>qussi</span> <span class='ocrx_word' id='word_1_180' title='bbox 556 3290 595 3362; x_wconf 89' lang='lat' dir='ltr'>in</span> <span class='ocrx_word' id='word_1_181' title='bbox 613 3289 732 3389; x_wconf 85' lang='lat' dir='ltr'>primo</span> <span class='ocrx_word' id='word_1_182' title='bbox 747 3288 874 3362; x_wconf 84' lang='lat' dir='ltr'>limine</span> <span class='ocrx_word' id='word_1_183' title='bbox 895 3289 1043 3378; x_wconf 85' lang='lat' dir='ltr'>sistens,</span> <span class='ocrx_word' id='word_1_184' title='bbox 1061 3313 1193 3362; x_wconf 88' lang='lat' dir='ltr'>nernos</span> <span class='ocrx_word' id='word_1_185' title='bbox 1211 3283 1295 3360; x_wconf 79' lang='lat' dir='ltr'>non</span> <span class='ocrx_word' id='word_1_186' title='bbox 1306 3287 1381 3362; x_wconf 79' lang='lat' dir='ltr'>sisi·</span> <span class='ocrx_word' id='word_1_187' title='bbox 1397 3290 1598 3371; x_wconf 84' lang='lat' dir='ltr'>secundum</span> <span class='ocrx_word' id='word_1_188' title='bbox 1617 3291 1810 3390; x_wconf 75' lang='lat' dir='ltr'>generales</span> <span class='ocrx_word' id='word_1_189' title='bbox 1828 3289 1965 3364; x_wconf 83' lang='lat' dir='ltr'>divisio·</span> <span class='ocrx_word' id='word_1_190' title='bbox 2090 3365 2091 3384; x_wconf 13' lang='grc' dir='ltr'>χ</span> 
     </span>
    </p>
   </div>
   <div class='ocr_carea' id='block_1_6' title="bbox 426 3421 1966 3924">
    <p class='ocr_par' dir='ltr' id='par_1_8' title="bbox 428 3421 1965 3523">
     <span class='ocr_line' id='line_1_22' title="bbox 428 3421 1965 3523; baseline -0.002 -26"><span class='ocrx_word' id='word_1_191' title='bbox 428 3447 497 3497; x_wconf 77' lang='lat' dir='ltr'>nes</span> <span class='ocrx_word' id='word_1_192' title='bbox 517 3423 783 3522; x_wconf 84' lang='lat' dir='ltr'>geographicas</span> <span class='ocrx_word' id='word_1_193' title='bbox 800 3421 1013 3522; x_wconf 83' lang='lat' dir='ltr'>dispertitos</span> <span class='ocrx_word' id='word_1_194' title='bbox 1033 3439 1101 3500; x_wconf 77' lang='lat' dir='ltr'>cst.</span> <span class='ocrx_word' id='word_1_195' title='bbox 1136 3424 1266 3520; x_wconf 84' lang='lat' dir='ltr'>ltaque</span> <span class='ocrx_word' id='word_1_196' title='bbox 1283 3441 1450 3498; x_wconf 77' lang='lat' dir='ltr'>cunctetur</span> <span class='ocrx_word' id='word_1_197' title='bbox 1468 3427 1649 3523; x_wconf 77' lang='lat' dir='ltr'>cujusque</span> <span class='ocrx_word' id='word_1_198' title='bbox 1665 3425 1828 3522; x_wconf 86' lang='lat' dir='ltr'>regionis</span> <span class='ocrx_word' id='word_1_199' title='bbox 1846 3448 1965 3498; x_wconf 77' lang='lat' dir='ltr'>mone·</span> 
     </span>
    </p>

    <p class='ocr_par' dir='ltr' id='par_1_9' title="bbox 427 3531 1965 3657">
     <span class='ocr_line' id='line_1_23' title="bbox 427 3531 1965 3657; baseline 0 -27"><span class='ocrx_word' id='word_1_200' title='bbox 427 3557 567 3630; x_wconf 88' lang='lat' dir='ltr'>tamin</span> <span class='ocrx_word' id='word_1_201' title='bbox 590 3582 706 3630; x_wconf 89' lang='lat' dir='ltr'>unurn</span> <span class='ocrx_word' id='word_1_202' title='bbox 731 3581 902 3630; x_wconf 74' lang='lat' dir='ltr'>aemam</span> <span class='ocrx_word' id='word_1_203' title='bbox 926 3555 1113 3654; x_wconf 83' lang='lat' dir='ltr'>congessit</span> <span class='ocrx_word' id='word_1_204' title='bbox 1139 3573 1178 3630; x_wconf 88' lang='lat' dir='ltr'>et</span> <span class='ocrx_word' id='word_1_205' title='bbox 1203 3556 1335 3631; x_wconf 87' lang='lat' dir='ltr'>ordine</span> <span class='ocrx_word' id='word_1_206' title='bbox 1360 3531 1596 3656; x_wconf 85' lang='lat' dir='ltr'>alphabetico</span> <span class='ocrx_word' id='word_1_207' title='bbox 1622 3555 1840 3657; x_wconf 75' lang='lat' dir='ltr'>composuit.</span> <span class='ocrx_word' id='word_1_208' title='bbox 1871 3555 1965 3630; x_wconf 79' lang='lat' dir='ltr'>Iden</span> 
     </span>
    </p>

    <p class='ocr_par' dir='ltr' id='par_1_10' title="bbox 426 3687 1966 3924">
     <span class='ocr_line' id='line_1_24' title="bbox 426 3687 1863 3790; baseline -0.001 -27"><span class='ocrx_word' id='word_1_209' title='bbox 426 3705 551 3763; x_wconf 79' lang='lat' dir='ltr'>tomen</span> <span class='ocrx_word' id='word_1_210' title='bbox 569 3713 701 3762; x_wconf 87' lang='lat' dir='ltr'>numos</span> <span class='ocrx_word' id='word_1_211' title='bbox 719 3687 865 3762; x_wconf 85' lang='lat' dir='ltr'>nnbiuna</span> <span class='ocrx_word' id='word_1_212' title='bbox 874 3741 892 3779; x_wconf 83' lang='lat'>,</span> <span class='ocrx_word' id='word_1_213' title='bbox 912 3715 1065 3789; x_wconf 83' lang='lat' dir='ltr'>regum,</span> <span class='ocrx_word' id='word_1_214' title='bbox 1091 3707 1129 3764; x_wconf 87' lang='lat' dir='ltr'>et</span> <span class='ocrx_word' id='word_1_215' title='bbox 1147 3690 1373 3766; x_wconf 80' lang='lat' dir='ltr'>coloniarum</span> <span class='ocrx_word' id='word_1_216' title='bbox 1392 3716 1586 3766; x_wconf 85' lang='lat' dir='ltr'>secernere</span> <span class='ocrx_word' id='word_1_217' title='bbox 1606 3691 1743 3790; x_wconf 83' lang='lat' dir='ltr'>coepit.</span> <span class='ocrx_word' id='word_1_218' title='bbox 1857 3733 1863 3744; x_wconf 93' lang='lat'>·</span> 
     </span>
     <span class='ocr_line' id='line_1_25' title="bbox 525 3819 1966 3924; baseline 0.001 -30"><span class='ocrx_word' id='word_1_219' title='bbox 525 3819 666 3894; x_wconf 81' lang='lat' dir='ltr'>Ecltbel</span> <span class='ocrx_word' id='word_1_220' title='bbox 688 3837 816 3896; x_wconf 83' lang='lat' dir='ltr'>noster</span> <span class='ocrx_word' id='word_1_221' title='bbox 832 3822 973 3920; x_wconf 77' lang='lat' dir='ltr'>primus</span> <span class='ocrx_word' id='word_1_222' title='bbox 988 3823 1137 3916; x_wconf 83' lang='lat' dir='ltr'>exstitit,</span> <span class='ocrx_word' id='word_1_223' title='bbox 1161 3825 1225 3922; x_wconf 84' lang='lat' dir='ltr'>qui</span> <span class='ocrx_word' id='word_1_224' title='bbox 1237 3825 1480 3924; x_wconf 79' lang='lat' dir='ltr'>perspiceret,</span> <span class='ocrx_word' id='word_1_225' title='bbox 1504 3843 1679 3924; x_wconf 85' lang='lat' dir='ltr'>quantum</span> <span class='ocrx_word' id='word_1_226' title='bbox 1695 3821 1966 3899; x_wconf 75' lang='lat' dir='ltr'>incon-odiu·</span> 
     </span>
    </p>
   </div>
   <div class='ocr_carea' id='block_1_7' title="bbox 431 3951 2089 4053">
    <p class='ocr_par' dir='ltr' id='par_1_11' title="bbox 431 3951 2089 4053">
     <span class='ocr_line' id='line_1_26' title="bbox 431 3951 2089 4053; baseline 0.002 -25"><span class='ocrx_word' id='word_1_227' title='bbox 431 3953 480 4028; x_wconf 80' lang='lat' dir='ltr'>tis</span> <span class='ocrx_word' id='word_1_228' title='bbox 503 3951 666 4029; x_wconf 76' lang='lat' dir='ltr'>diversae</span> <span class='ocrx_word' id='word_1_229' title='bbox 689 3953 762 4028; x_wconf 79' lang='lat' dir='ltr'>bne</span> <span class='ocrx_word' id='word_1_230' title='bbox 780 3955 943 4029; x_wconf 81' lang='lat' dir='ltr'>methodi</span> <span class='ocrx_word' id='word_1_231' title='bbox 964 3957 1157 4031; x_wconf 78' lang='lat' dir='ltr'>baberent.</span> <span class='ocrx_word' id='word_1_232' title='bbox 1190 3961 1233 4030; x_wconf 85' lang='lat' dir='ltr'>In</span> <span class='ocrx_word' id='word_1_233' title='bbox 1254 3984 1301 4032; x_wconf 89' lang='lat' dir='ltr'>eo</span> <span class='ocrx_word' id='word_1_234' title='bbox 1319 3974 1441 4031; x_wconf 77' lang='lat' dir='ltr'>temen</span> <span class='ocrx_word' id='word_1_235' title='bbox 1465 3986 1546 4034; x_wconf 82' lang='lat' dir='ltr'>curn</span> <span class='ocrx_word' id='word_1_236' title='bbox 1565 3959 1749 4034; x_wconf 85' lang='lat' dir='ltr'>Pellerino</span> <span class='ocrx_word' id='word_1_237' title='bbox 1771 3957 1967 4044; x_wconf 72' lang='lat' dir='ltr'>cunuusit,</span> <span class='ocrx_word' id='word_1_238' title='bbox 2088 4035 2089 4053; x_wconf 28' lang='lat'>2</span> 
     </span>
    </p>
   </div>
   <div class='ocr_carea' id='block_1_8' title="bbox 425 4089 1967 4334">
    <p class='ocr_par' dir='ltr' id='par_1_12' title="bbox 425 4089 1967 4334">
     <span class='ocr_line' id='line_1_27' title="bbox 426 4089 1964 4192; baseline -0.001 -30"><span class='ocrx_word' id='word_1_239' title='bbox 426 4113 548 4188; x_wconf 87' lang='lat' dir='ltr'>aeque</span> <span class='ocrx_word' id='word_1_240' title='bbox 565 4089 731 4188; x_wconf 82' lang='lat' dir='ltr'>ineptum</span> <span class='ocrx_word' id='word_1_241' title='bbox 750 4105 788 4162; x_wconf 88' lang='lat' dir='ltr'>et</span> <span class='ocrx_word' id='word_1_242' title='bbox 807 4089 1003 4164; x_wconf 81' lang='lat' dir='ltr'>ridiculuin</span> <span class='ocrx_word' id='word_1_243' title='bbox 1019 4115 1124 4180; x_wconf 85' lang='lat' dir='ltr'>esse,</span> <span class='ocrx_word' id='word_1_244' title='bbox 1147 4115 1279 4168; x_wconf 79' lang='lat' dir='ltr'>noaret</span> <span class='ocrx_word' id='word_1_245' title='bbox 1295 4093 1498 4168; x_wconf 81' lang='lat' dir='ltr'>secundum</span> <span class='ocrx_word' id='word_1_246' title='bbox 1518 4093 1655 4168; x_wconf 80' lang='lat' dir='ltr'>metelli</span> <span class='ocrx_word' id='word_1_247' title='bbox 1674 4119 1792 4192; x_wconf 86' lang='lat' dir='ltr'>genus</span> <span class='ocrx_word' id='word_1_248' title='bbox 1811 4107 1874 4179; x_wconf 79' lang='lat' dir='ltr'>eut</span> <span class='ocrx_word' id='word_1_249' title='bbox 1892 4117 1964 4162; x_wconf 87' lang='lat' dir='ltr'>mo·</span> 
     </span>
     <span class='ocr_line' id='line_1_28' title="bbox 425 4221 1967 4334; baseline 0 -38"><span class='ocrx_word' id='word_1_250' title='bbox 425 4221 534 4298; x_wconf 86' lang='lat' dir='ltr'>dulos</span> <span class='ocrx_word' id='word_1_251' title='bbox 560 4221 746 4322; x_wconf 83' lang='lat' dir='ltr'>dispertiri</span> <span class='ocrx_word' id='word_1_252' title='bbox 767 4223 885 4313; x_wconf 82' lang='lat' dir='ltr'>velle,</span> <span class='ocrx_word' id='word_1_253' title='bbox 910 4249 1020 4322; x_wconf 83' lang='lat' dir='ltr'>quern</span> <span class='ocrx_word' id='word_1_254' title='bbox 1044 4225 1077 4300; x_wconf 90' lang='lat' dir='ltr'>si</span> <span class='ocrx_word' id='word_1_255' title='bbox 1104 4225 1189 4324; x_wconf 85' lang='lat' dir='ltr'>quis</span> <span class='ocrx_word' id='word_1_256' title='bbox 1212 4225 1418 4325; x_wconf 83' lang='lat' dir='ltr'>plantarum</span> <span class='ocrx_word' id='word_1_257' title='bbox 1443 4253 1581 4327; x_wconf 85' lang='lat' dir='ltr'>genera</span> <span class='ocrx_word' id='word_1_258' title='bbox 1611 4253 1656 4302; x_wconf 84' lang='lat' dir='ltr'>ex</span> <span class='ocrx_word' id='word_1_259' title='bbox 1686 4224 1967 4334; x_wconf 23' lang='lat' dir='ltr'>stirpisgdnritie</span> 
     </span>
    </p>
   </div>
   <div class='ocr_carea' id='block_1_9' title="bbox 427 4319 2088 4457">
    <p class='ocr_par' dir='ltr' id='par_1_13' title="bbox 427 4319 2088 4457">
     <span class='ocr_line' id='line_1_29' title="bbox 427 4319 2088 4457; baseline -0.002 -24"><span class='ocrx_word' id='word_1_260' title='bbox 427 4355 553 4433; x_wconf 59' lang='lat' dir='ltr'>ussto</span> <span class='ocrx_word' id='word_1_261' title='bbox 573 4357 859 4457; x_wconf 64' lang='lat' dir='ltr'>proprement·</span> <span class='ocrx_word' id='word_1_262' title='bbox 881 4359 920 4430; x_wconf 77' lang='lat' dir='ltr'>tn</span> <span class='ocrx_word' id='word_1_263' title='bbox 942 4357 1097 4447; x_wconf 66' lang='lat' dir='ltr'>norun,</span> <span class='ocrx_word' id='word_1_264' title='bbox 1127 4359 1281 4436; x_wconf 61' lang='lat' dir='ltr'>trustes·</span> <span class='ocrx_word' id='word_1_265' title='bbox 1310 4379 1348 4438; x_wconf 74' lang='lat' dir='ltr'>e</span> <span class='ocrx_word' id='word_1_266' title='bbox 1374 4361 1736 4438; x_wconf 58' lang='lat' dir='ltr'>attractionem.</span> <span class='ocrx_word' id='word_1_267' title='bbox 1773 4359 1966 4434; x_wconf 65' lang='lat' dir='ltr'>necteus</span> <span class='ocrx_word' id='word_1_268' title='bbox 2087 4319 2088 4387; x_wconf 63' lang='lat' dir='ltr'>l</span> 
     </span>
    </p>
   </div>
   <div class='ocr_carea' id='block_1_10' title="bbox 425 4491 1964 4732">
    <p class='ocr_par' dir='ltr' id='par_1_14' title="bbox 425 4491 1964 4732">
     <span class='ocr_line' id='line_1_30' title="bbox 426 4491 1964 4596; baseline -0.001 -30"><span class='ocrx_word' id='word_1_269' title='bbox 426 4491 525 4566; x_wconf 83' lang='lat' dir='ltr'>enirn</span> <span class='ocrx_word' id='word_1_270' title='bbox 540 4493 580 4564; x_wconf 92' lang='lat' dir='ltr'>in</span> <span class='ocrx_word' id='word_1_271' title='bbox 592 4491 858 4566; x_wconf 84' lang='lat' dir='ltr'>omniscientis</span> <span class='ocrx_word' id='word_1_272' title='bbox 875 4491 1053 4566; x_wconf 77' lang='lat' dir='ltr'>liliinstnt</span> <span class='ocrx_word' id='word_1_273' title='bbox 1075 4511 1143 4582; x_wconf 87' lang='lat' dir='ltr'>est,</span> <span class='ocrx_word' id='word_1_274' title='bbox 1162 4521 1250 4594; x_wconf 85' lang='lat' dir='ltr'>quo,</span> <span class='ocrx_word' id='word_1_275' title='bbox 1265 4495 1387 4570; x_wconf 86' lang='lat' dir='ltr'>vitatis</span> <span class='ocrx_word' id='word_1_276' title='bbox 1407 4496 1622 4596; x_wconf 76' lang='lat' dir='ltr'>ambagibus</span> <span class='ocrx_word' id='word_1_277' title='bbox 1634 4513 1673 4572; x_wconf 88' lang='lat' dir='ltr'>et</span> <span class='ocrx_word' id='word_1_278' title='bbox 1692 4495 1891 4584; x_wconf 83' lang='lat' dir='ltr'>erroribus,</span> <span class='ocrx_word' id='word_1_279' title='bbox 1900 4519 1964 4593; x_wconf 90' lang='lat' dir='ltr'>per</span> 
     </span>
     <span class='ocr_line' id='line_1_31' title="bbox 425 4625 1964 4732; baseline 0.002 -36"><span class='ocrx_word' id='word_1_280' title='bbox 425 4647 574 4696; x_wconf 77' lang='lat' dir='ltr'>cescum</span> <span class='ocrx_word' id='word_1_281' title='bbox 586 4625 837 4723; x_wconf 80' lang='lat' dir='ltr'>labyrintbttm</span> <span class='ocrx_word' id='word_1_282' title='bbox 856 4627 1079 4726; x_wconf 84' lang='lat' dir='ltr'>cognitionis</span> <span class='ocrx_word' id='word_1_283' title='bbox 1097 4629 1305 4730; x_wconf 68' lang='lat' dir='ltr'>empyricae</span> <span class='ocrx_word' id='word_1_284' title='bbox 1324 4629 1511 4706; x_wconf 74' lang='lat' dir='ltr'>ducantur.</span> <span class='ocrx_word' id='word_1_285' title='bbox 1535 4633 1625 4704; x_wconf 86' lang='lat' dir='ltr'>Utut</span> <span class='ocrx_word' id='word_1_286' title='bbox 1638 4625 1812 4732; x_wconf 71' lang='lat' dir='ltr'>pluribus</span> <span class='ocrx_word' id='word_1_287' title='bbox 1823 4655 1884 4702; x_wconf 82' lang='lat' dir='ltr'>res</span> <span class='ocrx_word' id='word_1_288' title='bbox 1897 4653 1964 4700; x_wconf 85' lang='lat' dir='ltr'>usu</span> 
     </span>
    </p>
   </div>
   <div class='ocr_carea' id='block_1_11' title="bbox 356 4889 1962 5002">
    <p class='ocr_par' dir='ltr' id='par_1_15' title="bbox 356 4889 1962 5002">
     <span class='ocr_line' id='line_1_32' title="bbox 356 4889 1962 5002; baseline 0.007 -46"><span class='ocrx_word' id='word_1_289' title='bbox 356 4945 363 4956; x_wconf 93' lang='lat'>.</span> <span class='ocrx_word' id='word_1_290' title='bbox 424 4903 491 4976; x_wconf 86' lang='lat' dir='ltr'>est,</span> <span class='ocrx_word' id='word_1_291' title='bbox 512 4889 605 4966; x_wconf 88' lang='lat' dir='ltr'>scire</span> <span class='ocrx_word' id='word_1_292' title='bbox 622 4911 786 4970; x_wconf 82' lang='lat' dir='ltr'>nostrum</span> <span class='ocrx_word' id='word_1_293' title='bbox 803 4895 897 4970; x_wconf 90' lang='lat' dir='ltr'>nibil</span> <span class='ocrx_word' id='word_1_294' title='bbox 917 4913 985 4990; x_wconf 87' lang='lat' dir='ltr'>est,</span> <span class='ocrx_word' id='word_1_295' title='bbox 1004 4896 1075 4972; x_wconf 88' lang='lat' dir='ltr'>nisi</span> <span class='ocrx_word' id='word_1_296' title='bbox 1097 4899 1242 5002; x_wconf 75' lang='lat' dir='ltr'>senago</span> <span class='ocrx_word' id='word_1_297' title='bbox 1259 4902 1452 4978; x_wconf 88' lang='lat' dir='ltr'>notionum</span> <span class='ocrx_word' id='word_1_298' title='bbox 1469 4899 1665 4978; x_wconf 74' lang='lat' dir='ltr'>memoriae</span> <span class='ocrx_word' id='word_1_299' title='bbox 1683 4895 1962 4972; x_wconf 84' lang='lat' dir='ltr'>inhaerentium.</span> 
     </span>
    </p>
   </div>
   <div class='ocr_carea' id='block_1_12' title="bbox 0 0 2118 5500">
    <p class='ocr_par' dir='ltr' id='par_1_16' title="bbox 0 0 2118 5500">
     <span class='ocr_line' id='line_1_33' title="bbox 0 0 2118 5500; baseline 0 0"><span class='ocrx_word' id='word_1_300' title='bbox 0 0 2118 5500; x_wconf 95' lang='lat' dir='ltr'> </span> 
     </span>
    </p>
   </div>
  </div>
 </body>
</html>
