4244 5484
358 573 386 618 t

416 481 487 549 3„
686 428 689 438 “
1018 447 1210 558 οᾼΡνΤ
1256 447 1353 523 tou.

415 659 483 710 tum
504 645 612 718 busta,
635 637 792 722 etpositis
809 635 898 720 justa
915 631 1041 700 duob'us
1057 631 1159 715 signis
1216 631 1381 712 dabimus,
1402 631 1670 708 hunohonorem,
1691 634 1749 720 'qni
1767 634 1869 722 longo
1880 651 1962 704 tem·

415 743 611 810 militaribus
638 739 863 826 pedestribus,
896 735 1035 812 adserit,
1072 737 1160 822 prin·
1215 757 1298 820 pore
1337 739 1494 800 Caesares
1531 739 1654 799 tuntum
1686 741 1878 818 exornavit,
1921 741 1961 805 als

413 852 521 936 clpam
549 841 727 927 juventutis
755 859 887 924 semper
916 839 1017 901 luisse
1040 837 1158 904 ducem
1215 838 1294 921 ipsis
1322 837 1421 902 etiam
1443 839 1596 920 Augustis
1627 839 1727 905 luisse
1760 833 1960 927 susceptum.

411 949 606 1039 primarium
637 959 816 1008 turmarum
850 941 1070 1026 pedestrium,
1093 953 1157 1014 sut,
1216 943 1373 1014 Ceterum
1403 938 1530 1004 omissis
1559 940 1709 1004 omnibns
1748 938 1962 1026 conjectandi,
2099 979 2100 984 ,

414 1067 451 1118 nt
465 1053 537 1135 ipss
555 1049 666 1132 lingna
682 1047 783 1130 patria
800 1045 958 1128 expliost,
980 1048 1011 1106 10
1030 1044 1163 1111 catenat
1216 1055 1251 1106 et
1266 1039 1407 1125 penitius
1422 1041 1562 1108 rimundi
1577 1041 1713 1106 libidine
1729 1045 1816 1109 iatud
1828 1050 1962 1112 novisse
2099 1059 2100 1066 ’

415 1152 564 1222 Garmai*
585 1155 625 1212 da
653 1150 862 1229 [Infamata.
905 1145 989 1218 Vide
1020 1143 1053 1203 in
1086 1142 1158 1224 ejus
1216 1143 1400 1220 suffecerit,
1421 1141 1511 1227 quod
1528 1139 1627 1206 nemo
1645 1145 1678 1208 in
1701 1145 1835 1212 dubium
1851 1163 1964 1234 potest

403 1253 555 1340 operib,
574 1249 637 1317 Νι,
659 1270 734 1334 pag.
755 1249 838 1332 n47,
861 1261 927 1312 tnm
942 1231 986 1309 'et
1002 1247 1037 1308 in
1058 1243 1159 1309 veniis
1214 1239 1346 1324 vocure,
1365 1247 1452 1312 huno
1467 1244 1593 1310 titulum
1603 1266 1668 1308 non
1680 1247 1782 1312 luisse
1792 1249 1961 1328 tributum,

412 1357 485 1440 ejus
505 1354 739 1436 chronologiae
766 1349 859 1414 locis.
903 1347 994 1412 idem
1017 1365 1092 1410 oum
1115 1367 1158 1410 ox
1214 1349 1277 1410 nisi
1297 1349 1356 1426 iia,
1387 1368 1469 1433 qnos
1491 1347 1639 1426 fortuna,
1661 1363 1697 1412 nt
1718 1365 1828 1414 essent
1850 1357 1963 1439 Augu·

411 1458 520 1520 numis
541 1455 733 1519 observaret
753 1451 989 1536 spanhemius,
1017 1449 1093 1533 qui,
1123 1463 1159 1514 ut
1215 1465 1339 1515 storum
1364 1451 1419 1516 vol
1441 1469 1666 1528 successores,
1704 1456 1760 1530 ‚rel
1788 1455 1961 1538 conlegae,

411 1559 573 1636 diximus,
613 1555 779 1640 principes
818 1549 994 1636 juventutis
1033 1551 1159 1615 ordinis
1216 1554 1400 1620 destinavit.

412 1651 1031 1747 equestrisduotoresantenoonatituit,
1045 1654 1156 1738 paullo
1279 1655 1347 1720 Sed
1363 1669 1397 1720 et
1411 1654 1568 1740 prinninis
1577 1655 1755 1740 juventutis
1772 1675 1894 1724 nomen
1913 1609 1965 1724 „s
2000 1643 2004 1648 ’

341 1825 345 1832 ,
411 1777 487 1852 post
505 1759 653 1843 subjicit,
675 1779 733 1824 eos
752 1757 861 1840 potius
875 1755 1037 1841 pedestri,
1061 1777 1157 1841 qnam
1193 1758 1256 1821 ‘tis
1275 1777 1348 1822 esse
1363 1757 1575 1841 conspicuum
1595 1759 1698 1824 risum
1716 1771 1784 1836 est,
1813 1781 1883 1845 quo
1899 1764 1961 1844 ipsi

410 1865 559 1950 equestri
575 1857 868 1942 iniaseadsoriptos
884 1857 989 1924 videri
1004 1859 1047 1939 ¹).
1068 1863 1157 1922 Maz-
1213 1861 1350 1943 Augusti
1378 1861 1613 1944 gloriarentur.
1657 1861 1748 1924 Iuvat
1776 1860 1959 1946 inquirere,

411 1969 524 2034 soloni
551 1965 692 2048 denique
718 1963 878 2029 sententia
902 1973 967 2036 sut,
984 1959 1156 2023 obscurior
1213 1963 1283 2046 quia
1307 1963 1425 2026 horum
1455 1965 1579 2048 primns
1600 1959 1737 2026 testibus
1766 1983 1961 2028 monumen·

408 2065 478 2148 est,
500 2083 557 2134 sut
570 2080 661 2131 neate
677 2079 816 2149 propter
832 2082 944 2125 rerum
956 2061 1083 2144 oopinrn
1096 2060 1157 2127 im·
1212 2065 1253 2126 tis
1268 2065 1397 2128 idoneis
1417 2066 1476 2129 illo
1497 2085 1576 2129 usus
1593 2063 1702 2128 luerit.
1745 2064 1904 2130 Proditor
1925 2067 1959 2130 in

403 2171 559 2262 plenior,
581 2189 676 2252 quam
691 2179 729 2230 ut
745 2186 815 2229 eant
827 2164 1034 2246 paucioribus
1044 2163 1154 2229 verbis
1212 2187 1325 2230 museo
1352 2163 1587 2254 Theopolinno'
1604 2179 1779 2250 argenteus
1800 2169 1959 2234 Domitia·

407 2275 443 2338 in
456 2267 602 2360 praefixo
616 2268 727 2353 operis
742 2267 924 2352 praesentis
940 2263 1101 2334 breuitate
1115 2266 1153 2330 li·
1210 2267 1245 2334 ni
1266 2288 1340 2331 oum
1366 2270 1463 2333 titulo
1486 2269 1644 2352 Augusti,
1674 2269 1706 2331 in
1723 2269 1815 2352 nujus
1842 2293 1958 2338 suerso

408 2386 483 2440 nest
502 2371 697 2455 explicatam
715 2369 805 2435 dure.
1209 2369 1237 2432 is
1259 2367 1379 2434 dieitur
1404 2371 1632 2440 PRINCEPS.
1664 2367 1955 2454 IVVENTVT183

469 2475 592 2540 Eritis
620 2486 725 2558 patet,
757 2489 852 2556 quum
884 2469 926 2533 sit
955 2472 1152 2552 renardus,
1210 2485 1243 2536 st
1265 2487 1391 2538 oonatst
1416 2473 1458 2538 ds
1483 2475 1698 2560 perversione
1723 2487 1876 2540 monetae
1907 2499 1957 2540 an

406 2591 462 2643 aut
477 2577 551 2640 lere
569 2570 735 2653 diuturne,
759 2587 884 2639 certem
909 2571 1096 2658 quemdum,
1118 2588 1153 2640 et
1210 2589 1348 2660 gentoao
1368 2579 1534 2644 Romnae
1563 2577 1740 2662 proecipne
1763 2577 1957 2644 Flauiorum

408 2679 555 2743 molestis
571 2676 769 2760 conjecturis
785 2675 1076 2740 liberamilluatris
1094 2677 1152 2740 ltu·
1208 2693 1324 2744 sotate.
1368 2678 1519 2748 Similem
1544 2677 1644 2742 ltnbet
1668 2699 1817 2743 museum
1840 2683 1957 2746 Caesa·

406 2784 458 2866 jus
483 2780 568 2843 tituli
591 2781 760 2844 notionem
784 2792 1052 2862 reprensentare,
1075 2799 1150 2848 oum
1208 2801 1321 2856 reum,
1344 2779 1585 2846 sedmsniieste
1601 2765 1824 2859 subnotatum,
1846 2803 1953 2867 neque

405 2883 584 2948 dissideant
615 2883 677 2948 siri
709 2879 938 2956 eruditissimi,
970 2894 1024 2944 sut
1052 2881 1150 2964 longo
1208 2882 1375 2960 dubitem,
1412 2881 1560 2974 ejusdem
1585 2897 1722 2948 naturus
1752 2905 1826 2948 esse
1854 2886 1954 2948 stiam

406 3007 443 3052 se
460 2987 524 3072 ipsi
545 2983 855 3050 commentariorum
885 2981 973 3046 mole
1003 2982 1151 3048 excruci-
1207 2985 1481 3070 Theopolianum.
1541 2984 1597 3050 dit
1626 2985 1781 3050 Taninius
1804 2985 1858 3072 1³),
1887 2988 1952 3069 jam

274 3153 280 3168 ,
404 3103 480 3166 ent,
511 3101 566 3152 eut
588 3086 731 3170 denique
750 3099 884 3162 nutare,
913 3085 1086 3167 variosque
1108 3084 1150 3148 ad
1207 3089 1366 3154 Severum
1384 3090 1418 3152 in
1434 3107 1534 3152 numo
1549 3085 1620 3152 dici
1633 3088 1815 3172 prinoipem
1840 3089 1956 3174 jureu-

405 3211 481 3254 eum
499 3187 728 3276 explicandam
746 3189 861 3256 modos
875 3205 1043 3250 secessere
1059 3205 1150 3250 eom·
1207 3193 1293 3256 tutia.
1331 3191 1397 3258 Vbi
1415 3191 1443 3253 ia
1467 3205 1634 3267 serretur,
1654 3209 1721 3253 non
1744 3189 1846 3256 addit.
1889 3192 1955 3252 tta-

403 3291 583 3376 periantnr.
627 3293 806 3375 Perperam
839 3305 989 3377 typorum
1018 3289 1149 3384 oracula
1190 3293 1279 3380 ·peri
1315 3292 1401 3376 apud
1436 3290 1683 3356 Mediobarbum
1701 3297 1749 3377 ο),
1787 3294 1844 3378 qni
1873 3311 1951 3356 eum

403 3393 618 3468 sdrocamut,
650 3415 751 3480 qnae,
777 3415 873 3481 quum
898 3394 963 3456 sint
988 3392 1148 3475 smbigus,
1206 3395 1367 3464 exPatini
1383 3395 1553 3461 Thesauro
1570 3396 1802 3460 numismatum
1817 3389 1951 3472 recitat,

402 3495 561 3558 haetenus
587 3495 737 3562 vidimus.
780 3494 869 3558 istud
907 3509 1018 3560 tamen
1051 3495 1148 3558 facile
1206 3509 1271 3582 quo
1293 3497 1369 3560 loeo
1402 3517 1475 3582 pug.
1498 3497 1540 3562 to
1560 3499 1610 3562 sio
1634 3498 1850 3584 proponiturs
1884 3497 1952 3561 SE·

404 3595 645 3678 intelligemus,
667 3598 727 3660 sub
735 3593 855 3680 -primis
865 3597 1146 3682 principibusnum
1205 3601 1363 3668 VERVS.
1379 3601 1478 3668 Avo,
1496 3601 1624 3664 Petit.
1639 3603 1744 3666 MA'X.
1766 3597 1949 3663 OEPRINC.

402 3697 469 3760 hoo
492 3697 587 3761 titulo
613 3699 804 3780 conjunctos
825 3698 927 3762 fuisso
951 3700 1147 3786 plerumque
1205 3701 1383 3769 lvttffitr.
1408 3701 1503 3768 COS.
1551 3709 1626 3768 iles
1642 3709 1768 3788 fiysras
1790 3711 1950 3786 cananea

304 3830 310 3846 ι
404 3815 498 3884 typos
515 3813 706 3886 equestres,
727 3799 931 3884 postGetam
948 3821 1081 3886 semper
1092 3823 1150 3886 pe·
1205 3808 1414 3867 demorantes.
1457 3806 1500 3866 At
1517 3802 1582 3886 jam
1601 3803 1753 3868 viderunt
1773 3815 1807 3865 et
1823 3801 1962 3865 Medio-

405 3901 544 3966 dostres.
584 3901 669 3997 Quis
694 3903 859 3986 spondere
882 3905 1149 3989 poterit,a,pri-
1204 3903 1344 3990 barbas,
1378 3903 1580 3980 etPstinus,
1612 3908 1695 3968 ltnno
1715 3919 1864 3968 aversam
1883 3923 1949 3964 non

403 4023 516 4068 muers
539 4004 635 4088 hujus
663 4003 826 4086 dignitatis
847 4019 981 4084 nutnrs,
1002 4021 1037 4070 et
1058 4007 1148 4071 insti·
1205 4005 1245 4069 sd
1262 4007 1442 4081 Seuerum,
1472 4007 1531 4071 sed
1549 4005 1664 4072 Getam
1683 4006 1861 4088 putinore.
1883 4009 1950 4070 Nu·

325 4133 331 4142 ¹
404 4119 473 4171 tuto
491 4128 645 4172 successu
656 4108 812 4190 temporis
829 4127 894 4171 non
905 4108 1007 4172 luisse
1027 4108 1148 4172 disces·
1204 4129 1292 4172 mum
1330 4131 1349 4170 a
1380 4107 1596 4178 Mediobarbo
1622 4109 1783 4206 citatum,
1810 4108 1845 4169 in
1879 4125 1950 4191 quo

402 4209 754 4294 aam,esmqueforto
773 4225 1033 4276 unumsetereut
1051 4229 1143 4276 snum
1202 4211 1480 4282 Diadumenianns
1505 4225 1539 4273 et
1555 4210 1646 4280 IMP.
1668 4209 1807 4288 dieitur,
1828 4223 1950 4274 etnns
2059 4223 2063 4228 ’

403 4323 567 4375 statumen
582 4311 1047 4376 conditionomconserrasse?
1064 4315 1145 4376 Eam
1201 4315 1343 4376 PRlNC.
1379 4303 1670 4390 tvaNt‘vrts,
1718 4334 1785 4376 non
1822 4331 1948 4388 moror,

404 4432 480 4475 sano
496 4433 516 4474 a
535 4414 676 4500 novandi
698 4412 806 4477 studio
825 4435 890 4477 nou
913 4414 1014 4477 inisse
1028 4415 1146 4501 immas
1202 4419 1275 4502 quis
1299 4417 1431 4478 haustus
1454 4427 1504 4478 est
1527 4435 1569 4478 ox
1583 4415 1701 4478 Hulsio
1720 4413 1853 4480 Saturni
1875 4413 1949 4478 ebs·

402 4531 497 4589 nem,
526 4513 679 4579 continuo
710 4515 851 4599 patebit,
887 4537 962 4582 num
993 4515 1145 4605 example
1202 4537 1254 4586 so.
1296 4519 1411 4603 Nuper
1426 4533 1541 4584 museo
1555 4519 1718 4586 Caesareo
1735 4517 1877 4584 secessit
1890 4539 1947 4581 nu·

325 4813 328 4822 ‚
434 4721 467 4786 ὃ)
489 4715 572 4777 Tom·
608 4719 628 4780 1.
649 4739 716 4800 pag.
736 4723 800 4788 362.
873 4723 907 4798 b)
927 4725 1033 4807 Suppl.
1053 4725 1199 4816 sdilsnd.
1218 4737 1460 4806 pag-motet.
1531 4733 1562 4803 c)
1583 4731 1737 4807 Pomm.
1798 4729 1815 4749 “
1931 4800 1937 4816 Ι
