4244 5484
447 435 520 525 436
1077 403 1273 480 CAPVT
1315 401 1363 478 X.

447 635 508 680 nes
529 607 704 694 vignolius
729 601 778 684 ¹),
809 595 864 682 qui
888 589 1099 674 Elagabalunt
1130 605 1198 649 non
1255 605 1330 648 rare
1354 582 1512 674 perrexit.
1554 584 1698 646 Necesse
1720 603 1783 647 nou
1806 599 1870 664 est,
1887 587 1964 673 ltnjn,

451 729 526 782 ante
556 711 675 775 lulium
714 715 821 766 morte
860 697 1024 761 adlectum
1060 689 1198 762 censuit,
1255 685 1425 752 doctrinae
1457 684 1653 766 diagramma
1680 704 1874 771 proponere,
1905 711 1965 758 „am

449 817 604 882 nimirum
645 821 680 870 ut
713 798 891 867 tribunalui
918 797 960 864 V.
997 791 1199 858 contulerat.
1255 786 1528 872 viderip'otestin
1547 785 1883 868 ipsisejusannalibus.
1903 792 1967 856 On.

449 897 976 986 Eodatuconsilioldediobsrlsus
995 895 1065 977 ejus
1081 899 1198 955 necent
1254 891 1308 954 uin
1331 889 1364 950 iu
1391 889 1454 951 lroo
1478 889 1572 970 plana
1597 901 1671 948 suut
1693 901 1726 948 et
1749 897 1867 972 aperta,
1886 892 1961 969 nihil,

448 1029 483 1088 ln
500 1023 606 1108 ipsum
626 1007 856 1097 Septembrem
883 999 1005 1066 differt.
1048 991 1196 1078 Vignolii
1254 989 1343 1077 quod
1358 1009 1422 1054 non
1438 987 1696 1076 asupcrioribua
1713 989 1774 1071 jaun
1793 991 1966 1074 principibus

453 1130 643 1208 argumenta
668 1126 723 1176 aut
746 1105 873 1172 infirma
901 1116 992 1174 suut,
1014 1110 1086 1186 sut,
1117 1116 1197 1180 quo·
1252 1094 1369 1160 luisset
1387 1089 1614 1163 observatum,
1642 1089 1676 1149 in
1706 1111 1838 1174 qnorum
1858 1109 1966 1162 moneta

449 1229 535 1291 nisus
558 1219 629 1302 ejus
654 1209 840 1308 explicapdl
858 1205 961 1272 multo
980 1195 1197 1287 opportunior
1254 1191 1465 1260 examinanda
1493 1192 1524 1260 si
1553 1190 1669 1256 eadem
1701 1196 1896 1256 contentione
1928 1198 1967 1264 nni

450 1335 602 1415 superest
616 1315 716 1390 ratio,
741 1309 873 1375 omnino
889 1305 1026 1369 inutilia.
1068 1305 1111 1365 At
1127 1304 1198 1363 Mc·
1255 1307 1367 1360 esseut
1389 1293 1449 1358 riri
1468 1294 1503 1358 hi
1530 1287 1815 1376 praestantissimi,
1836 1314 1918 1378 quum
1936 1298 1967 1358 ,d

452 1421 627 1493 diobsrbus
652 1415 692 1480 sd
711 1413 809 1479 fastus
827 1415 1093 1493 suos-provocat,
1115 1419 1198 1496 quos
1255 1417 1430 1462 unctorum
1452 1394 1625 1478 Elagabali
1656 1395 1755 1460 crisin
1777 1398 1967 1474 contulerunt,

449 1528 618 1610 hodieque
644 1517 738 1582 uobis
766 1513 875 1578 debet.
919 1507 1071 1589 Denique
1099 1518 1132 1566 et
1154 1515 1200 1564 ta·
1256 1499 1389 1565 easdam
1412 1495 1476 1578 sibi
1507 1499 1542 1568 iu
1564 1497 1622 1574 iis„
1653 1518 1733 1582 quas
1754 1497 1787 1560 in
1806 1497 1969 1582 Elagabalo,

452 1631 531 1698 bula
550 1634 735 1690 serenante
748 1635 849 1681 annos
863 1631 928 1678 nun
940 1609 1059 1670 maltos
1074 1607 1199 1667 Romae
1257 1602 1402 1686 objectas
1434 1595 1645 1662 difficultates
1665 1599 1837 1674 vidissent,
1865 1621 1898 1664 ac
1917 1613 1970 1666 tnta

448 1743 583 1818 reperta
600 1741 666 1802 ast,
689 1736 724 1784 st
740 1717 825 1781 editu
843 1737 860 1778 s
875 1713 917 1776 cl.
928 1707 1091 1774 Morcello
1106 1703 1151 1787 b),
1167 1704 1200 1764 iu
1258 1705 1363 1768 coacti
1380 1701 1518 1764 fuissent
1534 1697 1706 1775 confiteri,
1728 1697 1790 1762 nisi
1805 1722 1820 1762 s
1835 1701 1969 1785 principia

451 1856 514 1922 (1¹¹⁸
533 1832 643 1914 ¹⁰b⁸¹²
665 1815 943 1888 mmmm·
955 1811 1054 1877 AVR·
1069 1798 1200 1871 SEVE·
1255 1805 1395 1870 Ianuarii
1418 1801 1597 1870 tribunatus
1619 1798 1754 1864 iteratio
1768 1814 1902 1883 petatur,
1919 1803 1969 1866 dn.

449 1907 1199 2001 ttondtaxattntto.coe.Etntss.aP1t1·
1255 1921 1424 1992 gottorum
1445 1903 1522 1964 iude
1537 1901 1577 1964 ab
1592 1901 1758 1968 Antonino
1777 1901 1834 1971 Pio
1855 1903 1969 1968 tribuna·

451 2034 593 2100 Ltttvs.
618 2031 708 2111 Ergo
728 2041 801 2086 curn
817 2020 849 2082 in
869 2017 930 2078 ltac
945 2013 1199 2076 omittaturccn·
1253 2024 1306 2071 tus
1322 2028 1396 2070 cusu
1414 2001 1635 2068 consulatibus
1661 2003 1910 2088 componinnllo
1929 2028 1968 2088 pn·

449 2137 574 2202 sttlatns
592 2130 732 2208 conlega
749 2117 966 2202 Elagabalus,
993 2126 1121 2176 certum
1138 2121 1198 2184 est,
1253 2097 1308 2176 nin
1324 2127 1440 2192 posse,
1462 2127 1500 2169 ac
1519 2119 1586 2168 turn
1604 2105 1745 2168 omissae
1764 2123 1837 2176 saue
1859 2103 1970 2167 inissent

451 2259 528 2304 eum
545 2233 625 2298 idib.
635 2227 743 2314 April.
762 2225 824 2308 jam
840 2217 941 2282 luisse
957 2235 1105 2289 caesum,
1128 2232 1199 2274 crn-
1243 2231 1348 2275 -scres
1368 2209 1445 2272 illae
1471 2207 1714 2282 dimicationes,
1745 2225 1825 2290 quae
1849 2206 1883 2267 ad
1900 2205 1970 2269 etol-

452 2358 509 2414 so,
532 2331 619 2419 quod
636 2339 782 2400 constat,
805 2343 846 2383 ex
867 2317 956 2379 fastis
970 2317 1039 2400 ejus
1056 2312 1198 2375 nominc.
1256 2311 1381 2376 reudoa
1395 2301 1565 2392 Elagalisli
1583 2329 1688 2372 annos
1715 2307 1816 2390 justas
1834 2308 1916 2370 molis
1930 2327 1970 2370 ro·

450 2435 666 2504 Mausoleum
677 2442 824 2494 veterem
840 2439 930 2484 suam
946 2413 1138 2480 cantilenam
1155 2411 1197 2474 de
1254 2413 1377 2476 lumina
1388 2411 1603 2494 parturisere.
1626 2407 1970 2492 Cete1·uut,quodnlinn

451 2542 567 2606 iterata
583 2529 785 2596 dinanno.
800 2519 875 2584 trib.
893 2529 1053 2602 potestate
1069 2515 1197 2579 recinit.
1229 2515 1353 2578 'etiam
1371 2512 1499 2588 monui,
1520 2513 1621 2574 nolim
1646 2512 1731 2579 mihi
1746 2514 1861 2593 nppqnj
1880 2529 1971 2573 ,mmm

454 2639 588 2735 Quaero
613 2655 655 2697 ex
674 2627 745 2704 'tiro
763 2622 911 2698 erudito,
933 2619 1017 2705 qinnn
1034 2639 1129 2682 nnnnn
1145 2617 1206 2694 nin,¹
1253 2615 1438 2692 ωηωῑω,
1461 2611 1517 2700 qni
1543 2613 1713 2676 diversum
1734 2613 1846 2675 smeis
1864 2630 1972 2696 praene-

453 2762 514 2806 cnr
534 2757 596 2822 per
622 2751 737 2798 ontnes
766 2721 936 2810 Elagabnli
960 2741 1062 2785 annos
1089 2716 1198 2781 nullus
1254 2721 1318 2806 ptis
1334 2718 1455 2782 docere
1471 2715 1633 2780 ridentur.
1655 2715 1820 2798 Namjurn
1836 2733 1971 2798 quamn,

452 2853 561 2907 castet
576 2855 711 2910 nunaut,
736 2829 823 2915 quia
839 2827 927 2887 dicto
937 2821 991 2883 die
1006 2823 1048 2884 X.
1059 2819 1198 2882 Decem·
1254 2843 1295 2886 nn
1314 2821 1355 2899 ii,
1388 2819 1444 2904 qui
1468 2835 1583 2880 numos
1603 2815 1665 2879 ltus
1692 2816 1906 2900 descripsere,
1930 2815 1972 2876 tel

453 2944 522 3007 bris
547 2959 607 3024 per
631 2935 778 3018 reliquos
802 2927 920 2991 saltem
939 2923 1014 2987 XX.
1038 2921 1109 3004 ejus
1122 2918 1199 2986 anui
1255 2925 1353 2988 etiam
1375 2917 1549 2988 monetarii
1573 2930 1729 2998 vetares,
1759 2921 1813 3004 qui
1836 2937 1888 2979 eos
1911 2913 1973 2977 roal·

454 3047 526 3108 dies
549 3043 693 3122 signatus
715 3045 812 3096 estet.
855 3029 936 3090 Natu
961 3023 1106 3106 inhujus
1127 3041 1199 3083 seu·
1254 3045 1370 3110 prere,
1394 3043 1436 3086 eu
1453 3023 1530 3084 loco
1543 3041 1640 3104 supra
1654 3018 1826 3082 humanam
1841 3013 1972 3082 conditio·

453 3147 555 3212 tentia
575 3147 744 3223 oporteret
755 3147 929 3216 superesse
945 3123 1060 3188 saltem
1072 3121 1197 3203 aliquos
1254 3145 1330 3187 nem
1348 3123 1488 3195 suerint,
1513 3136 1548 3188 u,
1567 3121 1656 3196 „uua
1679 3123 1784 3205 Ponit
1805 3140 1872 3182 em
1886 3117 1973 3198 ¹⁸P⁸¹¹⁸

439 3265 570 3344 ‘numos
585 3237 759 3320 inscriptos
778 3233 847 3298 Til.
858 3231 945 3294 P.ll.
962 3225 1056 3288 COS.
1066 3225 1118 3287 vel
1128 3223 1196 3285 ΤΒ.
1255 3225 1420 3308 auspicio?
1444 3227 1479 3288 ln
1500 3228 1807 3300 museoCaesareo,
1829 3215 1973 3304 quodlila·

453 3350 492 3412 Ρ.
507 3349 564 3410 lll.
576 3340 670 3406 COS.
681 3341 720 3400 ll.
736 3335 788 3399 vel
806 3335 876 3396 Til.
890 3331 927 3390 P.
947 3329 1017 3390 llll.
1032 3323 1196 3390 cos.111.
1255 3325 1362 3411 gabali
1384 3347 1501 3390 numos
1525 3325 1696 3391 commatis
1719 3323 1854 3392 Romani
1868 3315 1972 3385 CLXX.

453 3433 509 3514 'il
525 3447 599 3508 ΤΒ·
612 3445 650 3506 Ρ·
665 3441 706 3506 v·
725 3436 819 3502 ⁶⁰5·
839 3435 912 3510 mu
933 3449 1018 3518 <1⁰⁰1
1019 3447 1075 3491 Μ
1089 3439 1198 3488 ¹⁸m⁰¹²
1254 3431 1367 3514 plures
1380 3430 1542 3504 continet,
1564 3447 1606 3490 na
1623 3447 1708 3490 nnus
1720 3423 1846 3508 qnidam
1858 3435 1916 3496 est,
1931 3415 1974 3504 qni

454 3545 594 3609 similam
613 3543 647 3602 in
664 3539 756 3602 nullo
774 3548 828 3600 aut
846 3552 978 3610 museo,
1000 3525 1129 3595 autlldo
1146 3546 1198 3591 ca·
1237 3522 1329 3596 'aesc
1354 3551 1419 3594 non
1442 3532 1531 3594 ultro
1555 3527 1696 3596 traditan
1719 3546 1807 3592 nme
1831 3519 1972 3588 dominre

455 3647 567 3729 salogo
584 3643 741 3714 hacteuus
759 3635 883 3720 reperi.
1022 3700 1026 3714 ¹
1254 3629 1493 3700 adcommodat.

1757 499 1767 533 l

731 3846 751 3888 ⁴
814 3798 835 3840 ³
898 3843 919 3883 ¹
1454 3835 1792 3900 ALEXANDEB.

516 3919 685 4011 Sentinas
699 3945 777 4018 nt,
800 3955 883 4022 qaas
901 3949 952 4000 est
970 3953 1061 4011 mea,
1083 3951 1197 3997 secun·
1257 3971 1266 3984 -

454 4049 534 4113 dum
561 4065 656 4134 quum
677 4039 875 4126 Elagabalus
903 4035 977 4101 trib.
1002 4050 1196 4126 potestatcnt
1319 4033 1478 4120 Abltujus
1498 4053 1626 4120 quoquc
1648 4033 1788 4116 Augusti
1807 4027 1975 4090 uenissen-

454 4166 579 4235 captam
611 4145 666 4210 die
690 4147 777 4214 xvt.
799 4139 878 4226 Maii
905 4139 947 4209 V.
973 4140 1009 4203 C.
1032 4159 1090 4236 97!
1125 4158 1201 4222 pro·
1257 4137 1357 4202 tentia
1373 4133 1883 4218 meainsiguitercttmprolsatar,
1904 4122 1975 4210 quod

454 4253 550 4316 nimia
579 4246 738 4313 Kalendis
768 4247 836 4307 lan.
864 4241 1012 4318 iteravit,
1047 4252 1082 4304 et
1111 4238 1201 4302 dein·
1257 4239 1412 4304 continuo
1437 4236 1562 4322 patebit
1585 4237 1773 4299 consulatus
1802 4253 1872 4296 cunr
1892 4227 1976 4290 tribu·

454 4375 534 4436 ceps
564 4347 682 4415 eodaut
714 4347 767 4408 dis
786 4343 909 4408 eodem
931 4341 1048 4420 modo,
1078 4342 1203 4426 quoin
1255 4325 1383 4406 natibus
1413 4339 1634 4422 componenti.
1676 4337 1748 4412 llli,
1782 4335 1836 4420 qni
1862 4351 1914 4395 cos
1932 4325 1976 4386 die

337 4493 340 4500 ·
454 4449 727 4540 praecedentibus
755 4445 910 4529 Angustia
947 4443 1105 4522 vidimus,
1140 4443 1200 4506 its·
1255 4443 1356 4508 natali
1384 4441 1515 4524 imperii
1536 4451 1710 4506 renovatos
1733 4445 1886 4507 statuunt,
1915 4449 1976 4494 cau·

381 4615 384 4620 .
481 4579 1969 4622 .......-.------——-——-——---—-

490 4665 523 4734 3>
544 4661 580 4718 de
601 4679 678 4720 auno
698 4659 720 4718 l.
739 4656 822 4716 alex.
842 4655 910 4717 Ser.
951 4696 960 4720 .
980 4654 1018 4718 ltl
1038 4653 1076 4714 du
1094 4652 1171 4712 stilo
1191 4653 1279 4712 inscr.
1299 4673 1367 4732 pag.
1388 4654 1450 4722 tra.
1532 4647 1538 4658 '
