4226 5500
436 617 484 686 32
1019 579 1402 673 ADDENDA

442 771 526 838 tinae
554 769 636 833 dixit
665 769 795 854 Trajani
824 781 857 832 et
887 769 1054 844 Plotinae,
1088 781 1123 832 et
1149 769 1186 831 in
1242 767 1445 834 confirmabit
1464 769 1612 832 numulus
1629 755 1787 854 sequens}
1813 753 1973 856 quantun·-

443 895 556 940 atersa
573 875 674 960 legit:
695 865 970 936 ΚΟΤΣῙΝΙΟΣ.
993 865 1022 930 Γ
1025 867 1099 936 ΡΑ.
1111 870 1184 936 ΤΟ.
1242 895 1304 958 per
1328 893 1474 936 museum
1491 872 1684 936 Caesareum
1703 869 1865 936 beneficio
1891 893 1973 934 orna·

444 975 485 1042 A.
500 969 610 1040 ΕΦΕ.
635 977 786 1058 (Lettere
802 977 896 1038 Tum.
913 973 969 1040 tv.
980 995 1012 1058 p.
1027 972 1114 1056 113.)
1132 973 1186 1036 Aa
1241 976 1357 1040 tissimi
1373 975 1564 1058 Cousineryi
1579 989 1709 1038 nactum
1727 987 1794 1038 esta

366 1073 369 1084 ’
444 1079 533 1145 enim
553 1099 670 1146 rerum
690 1076 780 1139 numi
811 1075 905 1161 hujus
928 1089 1044 1138 statum
1068 1073 1187 1160 proba·
1306 1073 1451 1140 ΖΜΤΡ.
1481 1081 1586 1160 Caput
1608 1076 1753 1142 licronis
1776 1079 1894 1140 nudum
1910 1080 1975 1140 hor·
2091 1109 2092 1120 2

441 1182 490 1248 rit
511 1181 731 1262 Cousineryns
753 1199 795 1241 ex
815 1199 914 1241 numo
935 1177 1097 1262 praeclari
1119 1199 1188 1240 mn·
1243 1181 1404 1244 botulum.
1423 1173 1565 1244 alant.
1588 1169 1841 1247 ΦΙΛΙΣΤΟΤ.
1860 1179 1976 1242 ΕΙΚΑ-
2091 1217 2092 1234 .

443 1285 574 1359 scisci,
593 1279 850 1364 iuquusanttca
868 1279 1186 1365 estcaputJuvemle
1245 1277 1366 1343 ΔΙΟΣ.
1404 1283 1558 1344 Victoria
1582 1284 1792 1363 gradientes.
1817 1296 1976 1365 troporum
2091 1331 2092 1356 .

443 1385 600 1460 Neronis,
639 1383 706 1444 in
700 1379 739 1442 ΗΣ
766 1377 1040 1447 ΚΟΤΣΙΝΙΟΣ.
1074 1376 1116 1448 l.
1147 1378 1187 1446 A.
1244 1383 1505 1464 superhumero.
1526 1383 1673 1450 AE.111.

443 1485 571 1560 EstE.
601 1485 845 1568 ergosicaput
870 1483 1027 1560 Neronis,
1049 1482 1186 1546 necesse
1308 1485 1449 1544 Numum
1476 1485 1615 1546 similem
1642 1484 1717 1548 vulo
1701 1483 1786 1567 gavit
1813 1485 1978 1566 Haymius‚

445 1605 511 1663 est,
535 1587 638 1670 capita
660 1585 765 1662 nomi,
787 1607 883 1669 quem
908 1607 982 1645 mox
1005 1585 1187 1668 descripse-
1245 1597 1278 1648 et
1306 1585 1462 1667 conjecit,
1492 1603 1617 1668 partem
1647 1589 1783 1649 anticam
1815 1584 1975 1667 praeferre

443 1711 531 1766 ram,
543 1709 609 1751 non
626 1709 699 1752 esse
717 1688 772 1752 vel
787 1687 925 1770 Augusti
943 1699 977 1749 et
993 1686 1115 1763 Liviae,
1134 1687 1186 1750 vel
1244 1699 1340 1770 capnt
1357 1686 1452 1750 Lucii
1470 1688 1625 1750 Caesaris.
1653 1686 1766 1770 (Tom.
1786 1689 1825 1750 ll.
1851 1689 1978 1769 ponci.)

444 1779 575 1874 Traiani
590 1789 791 1866 etPlotinae‚
809 1789 867 1852 sed
880 1785 1006 1850 Claudii
1021 1801 1055 1851 et
1069 1789 1187 1872 Agrip·
1243 1789 1317 1851 Non
1347 1787 1420 1850 tulit
1453 1787 1607 1870 judicium
1629 1788 1715 1850 istud
1737 1787 1880 1850 Lieheus
1903 1789 1980 1849 alter

442 1893 552 1976 piune.
578 1895 737 1958 Avertam
757 1905 864 1954 autem
882 1911 954 1954 esse
973 1891 1088 1968 talem,
1111 1913 1186 1975 qua·
1243 1889 1333 1952 numi
1347 1889 1460 1951 similis
1473 1909 1604 1973 praeco.
1623 1891 1737 1972 (Goth.
1752 1912 1841 1954 num.
1856 1911 1886 1974 p.
1896 1890 1980 1969 334¹.)

443 1996 511 2058 lem
527 1995 663 2071 dictavi,
688 1993 827 2078 probant
842 1993 911 2054 bini
929 1993 1019 2054 numi
1037 1993 1187 2056 nitidissi·
1243 1993 1325 2054 Nam
1342 2013 1416 2054 cum
1428 1992 1460 2052 in
1473 2013 1587 2070 numo,
1608 2013 1704 2076 quem
1721 1991 1837 2076 pagina
1854 2011 1980 2076 praece·

444 2097 506 2174 mi,
540 2117 678 2180 qnorum
706 2117 789 2158 unus
812 2109 861 2158 est
883 2096 916 2156 in
938 2115 1053 2158 museo
1075 2093 1189 2157 Consi·
1244 2093 1341 2158 dente
1368 2093 1476 2170 dedit,
1504 2093 1633 2158 videret
1654 2096 1757 2178 capita
1775 2095 1883 2178 jugata
1905 2091 1981 2154 Cali-

442 2199 538 2281 neryi
562 2199 734 2282 Smyrnae,
765 2197 907 2262 alterio
932 2217 1045 2260 museo
1073 2197 1188 2258 Caesa·
1245 2199 1351 2280 gulae,
1370 2195 1504 2280 ejusque
1523 2195 1633 2258 matris
1649 2195 1852 2278 Agrippinae
1866 2197 1979 2278 scripto

443 2319 520 2376 reo,
548 2320 646 2384 quem
672 2300 747 2363 huic
775 2299 861 2361 idem
889 2299 940 2364 vir
965 2297 1187 2360 ornatissimus
1245 2297 1323 2360 item
1345 2297 1379 2357 in
1401 2317 1514 2360 aversa
1537 2291 1631 2360 Elll.
1654 2289 1904 2360 ΦΙΛΙΣΤΟΤ.
1926 2297 1981 2357 ΕΙ-

444 2399 628 2463 liberaliter
649 2401 756 2464 cessit.
784 2404 837 2462 Ex
860 2419 925 2484 quo
949 2399 1101 2480 exemplo
1129 2399 1188 2462 ite·
1243 2392 1450 2474 stantoz„
1480 2399 1560 2482 .jure
1593 2397 1713 2479 arguit,
1745 2419 1894 2474 numum,
1932 2401 1982 2481 qui
2091 2387 2092 2390 '

338 2491 344 2502 ¹
445 2521 518 2562 runt
535 2514 688 2582 apparet,
713 2523 807 2585 qnam
825 2523 938 2584 parum
957 2499 1062 2563 fidere
1085 2501 1188 2584 possi·
1246 2501 1428 2564 Philistum
1470 2499 1686 2579 leodiumque
1728 2499 1885 2581 Smyrnae
1927 2497 1979 2560 sub

445 2623 517 2664 mus
538 2603 742 2665 lineamentis
760 2603 982 2686 Augustorum
1002 2601 1035 2662 in
1055 2603 1186 2665 minutis
1246 2601 1392 2686 Caligula
1411 2602 1615 2684 magistratus
1633 2603 1836 2678 contineret,
1860 2601 1891 2662 in
1907 2615 1980 2662 tem·

443 2703 494 2764 lais
512 2707 636 2781 nuruis,
659 2703 787 2802 qpando
809 2719 983 2786 praeterea
1000 2725 1115 2768 corum
1133 2725 1190 2768 uo·
1247 2725 1328 2788 pora
1349 2703 1487 2786 Augusti
1506 2724 1572 2764 non
1597 2724 1694 2786 posse
1711 2705 1854 2780 retrahi,
1881 2725 1980 2789 neque

446 2805 532 2869 mina
548 2825 614 2868 nou
629 2805 800 2870 adduntur.
1247 2807 1329 2868 adeo
1352 2805 1476 2868 tultum
1498 2805 1591 2868 Lucii
1613 2807 1751 2890 insculpi
1781 2827 1898 2882 numo,
1933 2805 1982 2888 qui

774 2911 779 2918 '
1246 2907 1375 2992 pridem
1393 2907 1460 2969 lato
1477 2907 1606 2970 innotus
1624 2921 1721 2972 esset.
1763 2906 1982 2970 Nonadrertit

1246 3011 1298 3072 vir
1322 3008 1468 3071 cruditus
1489 3031 1577 3072 suam
1602 3010 1703 3094 ipsius
1723 3029 1850 3072 causam
1867 3022 1982 3092 postre-

1246 3133 1301 3174 mo
1323 3113 1387 3174 hoc
1410 3125 1602 3196 argumento
1622 3110 1822 3174 labefactari.
1860 3113 1936 3172 Nam
1957 3111 1981 3171 si

1246 3212 1333 3276 istud
1354 3213 1457 3291 valet,
1478 3235 1542 3297 quo
1566 3227 1661 3296 pacto
1684 3233 1757 3276 cum
1778 3214 1919 3296 Caligula
1940 3215 1981 3293 jn-

1249 3317 1319 3400 gsri
1334 3317 1449 3400 potuit,
1476 3327 1512 3376 ut
1530 3315 1600 3400 ipse
1617 3317 1681 3377 hoc
1697 3315 1773 3377 loco
1789 3315 1912 3390 docuit,
1937 3335 1981 3376 ca-

614 3009 743 3076 'Roas
762 3011 825 3073 ool.
839 3031 864 3072 ι.
885 3013 922 3074 in
930 3008 1019 3100 fine.

664 3163 930 3230 NEAPOLI
935 3163 970 3230 S.

509 3319 1005 3402 Imperatortnm“Treboniani‚
1037 3321 1071 3380 in
1099 3318 1192 3402 cujus

448 3437 561 3484 ascesa
577 3431 638 3483 est:
653 3415 689 3479 N
692 3417 1025 3486 ΕΑΠΟΛΕῙΤΩΝ.
1041 3423 1191 3484 Fortuna

448 3535 558 3598 stans,
581 3521 654 3606 quia
674 3519 830 3603 Smyrnae
851 3523 1053 3603 Cousineryo
1073 3522 1104 3582 in
1126 3543 1191 3585 ma·

446 3643 508 3684 nus
525 3625 631 3696 venit,
648 3624 787 3706 Neapoli
806 3625 936 3686 lonicae
954 3621 1117 3688 dedicavit
1134 3623 1192 3686 Se·

450 3723 568 3800 stione,
600 3725 750 3804 (Lettere
777 3727 817 3792 T.
832 3725 875 3792 V.
900 3745 932 3808 p.
945 3725 1064 3806 XXV.)
1095 3739 1191 3808 atque

447 3843 510 3886 nna
527 3830 754 3904 antonomum¹
772 3847 868 3910 quem
887 3823 1039 3889 Combius
1054 3823 1193 3909 Neapoli

447 3925 562 3988 Cariae
591 3927 754 4009 permisit,
793 3927 950 4012 cujusque
972 3949 1032 3990 nos
1054 3925 1089 3990 iu
1110 3929 1194 3990 Nea·

447 4027 517 4110 poli
550 4029 762 4092 Macedoniae
799 4031 1000 4093 mentionem
1037 4029 1192 4105 lecimus,

313 4195 318 4206 ¹
448 4129 524 4192 hnic
545 4133 654 4194 Ioniae
677 4131 914 4196 restituendum
936 4143 1065 4208 censet,
1095 4153 1191 4216 quam

449 4249 510 4292 nos
529 4231 766 4314 conjecturam,
789 4248 902 4319 utpote
920 4235 954 4296 in
971 4255 1009 4296 re
1026 4231 1122 4298 valde
1144 4233 1191 4293 in·

449 4343 554 4409 certa,
577 4333 610 4394 in
629 4333 756 4398 incerto
774 4355 903 4421 quoque
921 4333 1145 4421 relinquimus.

749 4523 787 4584 P.
801 4517 875 4596 546.

513 4633 618 4726 Quam
640 4637 739 4700 modo
761 4637 939 4702 memoravi
964 4639 1188 4704 difficultatem

451 4730 484 4790 in
506 4731 734 4815 dignoscendis
754 4741 861 4802 nuruis
879 4741 1028 4816 minutis,
1053 4741 1108 4826 qui
1126 4741 1189 4804 hoc

452 4850 533 4894 aeto
549 4833 581 4894 in
600 4839 696 4900 variis
712 4841 807 4903 Asiae
827 4841 961 4904 urbibus
976 4841 1092 4926 signati
1106 4855 1198 4926 sunt„

1247 3433 1306 3502 put
1337 3417 1536 3502 Agrippinae
1574 3418 1702 3492 matris,
1743 3438 1825 3500 quae
1865 3430 1980 3479 mortua

1248 3521 1311 3606 jam
1331 3519 1409 3596 fuit,
1425 3519 1553 3604 quando
1576 3519 1748 3602 imperium
1766 3519 1852 3580 filius
1868 3517 1980 3580 adicit?

1250 3625 1357 3706 Atque
1386 3621 1440 3686 vel
1465 3633 1643 3704 propterea
1669 3621 1871 3704 exploratum
1894 3633 1980 3702 puto,
2091 3685 2092 3698 χ

1250 3725 1354 3806 capita
1370 3723 1452 3787 haec
1469 3724 1634 3806 Caligulae
1655 3735 1688 3785 et
1705 3723 1903 3806 Agrippinae
1921 3743 1980 3782 non
2091 3771 2092 3780 ,

1250 3847 1334 3902 esse,
1349 3847 1421 3888 nam
1436 3825 1488 3890 vix
1503 3825 1618 3910 aliqua,
1630 3837 1683 3887 aut
1696 3837 1788 3886 certe
1801 3823 1979 3908 paucissima

1250 3941 1376 3992 exstant
1398 3927 1547 4020 exempla
1568 3927 1671 4010 jugati
1692 3926 1807 4006 capitis
1829 3926 1893 3990 nivi
1915 3945 1980 3987 cum
2091 3981 2092 3984 ,

1249 4031 1355 4114 capite
1377 4031 1507 4092 mortui.
1542 4031 1694 4092 Decisam
1722 4029 1816 4090 litem
1842 4041 1930 4111 puta,
1956 4027 1981 4086 si

1250 4145 1385 4204 statuas,
1413 4131 1447 4191 in
1468 4151 1568 4193 numo
1591 4129 1759 4192 Lieheano
1782 4129 1919 4212 proponi
1938 4149 1982 4190 ca·

1248 4233 1316 4316 pita
1330 4232 1457 4294 Claudii
1471 4243 1505 4295 et
1518 4233 1719 4317 Agrippinae
1732 4231 1880 4314 junioris,
1896 4249 1981 4315 qnam

1248 4336 1440 4398 sententiam
1457 4335 1553 4418 plane
1570 4332 1741 4397 confirmat
1762 4333 1879 4395 num'us
1898 4353 1983 4416 prae·
2091 4327 2092 4338 ³

1247 4457 1339 4512 sens,
1354 4436 1448 4520 isque
1466 4436 1699 4520 integerrimus
1716 4455 1790 4497 cum
1808 4435 1911 4517 capite
1925 4435 1983 4494 Ne-

1245 4538 1336 4600 ronis
1352 4538 1479 4620 juvenis
1496 4539 1696 4613 certissimo,
1710 4537 1881 4621 docetque
1898 4557 1983 4619 prae·

1247 4653 1356 4712 teres,
1373 4661 1490 4703 numos
1507 4661 1637 4711 omnes,
1658 4639 1714 4724 qui
1729 4639 1863 4700 Philisti
1879 4653 1912 4702 et
1926 4640 1984 4698 lca-

1230 4741 1292 4801 vdii
1317 4739 1514 4818 meminere,
1546 4741 1673 4804 Claudii
1698 4741 1841 4824 imperio
1868 4735 1984 4802 deberi.

1247 4843 1431 4906 Notandum
1452 4857 1640 4927 praeterea,
1666 4843 1828 4906 Wildinm
1852 4841 1984 4912 edidisse
