4230 5490
685 463 1106 595 consulumve
1147 461 1194 594 it.
1654 469 1722 612 sis

155 657 314 782 ’ΝΘΕ
338 661 915 774 PR1N01P1.1l⁷vENTvT18.-
972 705 1107 786 jubente
1125 704 1314 768 translatum
1331 668 1647 794 Constantinopolin,
1663 710 1723 774 ibi·

154 813 391 884 vtcroltts.
502 807 938 872 Basssrtsstutortvsn.
974 826 1037 891 quo
1055 807 1238 872 honorilice
1256 803 1435 869 condttum

156 914 307 979 CAESS.
326 912 561 1000 etc.1amfere
577 933 620 976 ex
638 909 913 996 praecedentibus
1037 912 1185 976 Habitus
1199 927 1249 976 est
1264 931 1390 994 ingenit
1408 912 1538 989 stolrdt
1562 915 1652 992 rani,
1675 935 1726 978 or·

156 1016 295 1101 cognlil.

344 1223 385 1282 ν.
405 1223 436 1282 c.
456 1227 538 1284 roso
563 1221 596 1280 r.
615 1221 655 1280 x.
671 1225 743 1282 ιιι.

408 1295 657 1396 Ανσιιιιιέ.

223 1525 364 1586 Mortuo
380 1523 445 1587 hoc
461 1544 546 1586 anno
563 1535 656 1606 patre
673 1525 859 1604 Augustus,
883 1531 917 1580 et

158 1627 260 1688 totius
281 1623 433 1688 Orientis
456 1626 523 1708 jam
542 1639 674 1700 rector,
704 1611 831 1686 bellum
854 1621 918 1702 pri·

159 1737 249 1789 ιιιιιιι
268 1749 347 1790 cum
372 1729 499 1812 Sapore
518 1728 692 1790 Persarum
718 1746 799 1808 rege
829 1721 918 1785 varia

158 1831 294 1893 fortuna
319 1833 418 1912 gerit.
470 1827 615 1892 Subinde
642 1827 816 1892 Occidenti
842 1834 919 1908 pro-

161 1935 259 2018 spicit
278 1932 360 2022 inde
383 1931 423 1994 ab
439 1939 523 1998 anno
547 1929 641 1993 m.
660 1931 742 2007 ³50,
760 1919 830 2014 ,quo
846 1948 918 1989 cae·

160 2059 215 2098 sus
240 2037 350 2098 frater
372 2035 549 2106 Constans,
580 2035 781 2115 Magnentii,
803 2035 919 2100 Vetra-

156 2141 293 2216 nionis,
317 2137 470 2198 Decentii
489 2135 659 2218 tyrannide
675 2121 827 2209 turbato,
849 2130 919 2216 qui·

159 2241 224 2303 bus
248 2239 406 2301 omnibus
430 2239 505 2300 loco
528 2241 645 2314 motis,
670 2259 707 2300 ac
729 2234 918 2317 cumprimis

159 2345 268 2404 relata
289 2341 413 2424 insigni
437 2339 522 2423 apud
538 2337 683 2403 Mursam
708 2341 749 2402 de
764 2344 919 2422 Magnen-

162 2445 210 2506 tio
234 2445 377 2506 victoria
407 2466 488 2505 unus
516 2445 628 2505 rerum
660 2444 780 2526 potitus
804 2460 943 2523 pacem,

159 2547 324 2614 r'utituit.
369 2547 451 2607 Cum
483 2567 565 2606 unus
603 2556 709 2606 tantae
742 2540 821 2606 moli
852 2545 918 2604 non

160 2647 351 2726 sulliceret,
370 2649 591 2710 Constantium
602 2647 732 2710 Gallum
750 2643 920 2708 consobri-

158 2773 241 2812 ιιιιιιι
268 2755 446 2815 Caesarem
465 2751 606 2834 appellat
628 2749 779 2834 quidem,
804 2769 917 2812 rerum

159 2867 308 2938 propter
331 2861 462 2914 inorum
482 2852 690 2934 asperitatem
718 2851 758 2914 ad
781 2867 920 2913 mortem

162 2957 286 3018 adacto
313 2957 412 3036 liujus
434 2956 570 3017 fratrem
598 2955 757 3016 lulianum
791 2952 921 3024 suflicit,

162 3077 312 3138 eumque
330 3057 421 3119 bello
439 3057 612 3120 adversum
623 3057 818 3134 Alamannos
830 3075 921 3137 prae·

165 3180 244 3222 esse
266 3159 370 3240 jubet.
415 3159 454 3222 V.
479 3160 515 3222 C.
551 3179 629 3221 ιιιο
657 3159 695 3224 P.
718 3161 758 3220 X.
789 3159 851 3237 357
881 3157 922 3218 de

164 3263 365 3341 Magnentio
401 3261 526 3324 Romae
566 3259 755 3342 triumphat.
808 3251 923 3320 Trien-

163 3365 224 3424 nio
249 3373 326 3445 post
357 3360 482 3423 bellum
515 3363 671 3424 adversus
695 3362 855 3446 Saporem
877 3361 925 3420 in·

109 3535 119 3552 ο
167 3479 340 3540 staurans,
372 3465 483 3526 audito
506 3464 566 3526 sub
589 3465 693 3548 ipsum
718 3471 799 3540 iter,
830 3464 924 3524 luliu-

167 3589 271 3641 num,
296 3565 353 3650 qui
375 3566 500 3649 magnis
523 3566 622 3628 rebus
647 3551 747 3649 gestis
778 3567 927 3630 Alaman-

165 3691 230 3731 asos
253 3667 296 3730 ad
326 3689 441 3749 pacem
471 3670 694 3751 compulerat,
727 3669 865 3752 Augusti
889 3669 927 3728 ti·

167 3773 276 3833 tulum
301 3771 334 3831 in
360 3770 476 3833 Galliis
500 3795 517 3832 a
539 3773 696 3834 militibus
727 3787 926 3855 acceptasse,

166 3873 304 3935 dilata
295 3873 427 3934 interim
460 3873 602 3936 vindicta
631 3889 747 3959 coepta
770 3894 926 3957 prosecu-

168 3991 224 4039 tus
246 3975 453 4059 Euphratem
487 3977 610 4041 transit.
665 3979 707 4040 At
738 3978 863 4062 Sapore
885 3974 926 4037 ad

167 4081 244 4164 ejus
267 4081 446 4142 adrentum
472 4082 604 4155 territo,
629 4095 662 4143 et
685 4102 757 4144 cum
778 4081 927 4141 exercitu

167 4185 301 4266 dilapso
325 4203 501 4264 regressus
529 4197 560 4243 et
582 4183 670 4266 ipse,
701 4185 734 4243 in
758 4183 928 4278 lulianum,

169 4290 229 4374 qui
252 4289 317 4367 jam
342 4285 486 4360 ltaliam,
510 4298 543 4344 et
558 4285 725 4364 Illyricum
750 4305 928 4368 occupate·

168 4406 240 4465 rat,
265 4387 414 4449 bellum'
405 4389 555 4461 instruit,
579 4407 691 4449 rerum
704 4387 735 4448 in
749 4387 858 4449 medio
876 4409 931 4470 ap·

170 4507 291 4576 paratu
316 4489 402 4574 apud
423 4493 668 4572 Mopiocrenen
696 4493 829 4554 Ciliciae
854 4511 929 4552 con-

170 4609 283 4657 tracto
299 4615 340 4657 es
356 4593 558 4690 aegrimonia
576 4591 694 4655 morbo
711 4577 947 4674 exstinguitur

169 4697 215 4764 V
235 4699 273 4761 C.
305 4707 386 4774 ¹¹¹4
413 4697 450 4757 Ρ.
479 4697 519 4758 X.
541 4695 613 4760 Sbt.
659 4699 785 4784 Corpus
802 4695 929 4758 lultuno

972 1013 1135 1094 rogantis,
1181 1015 1213 1076 in
1254 1019 1456 1102 suspiciones
1490 1019 1651 1103 patentis,
1687 1039 1725 1082 ae

974 1128 1041 1176 tum
1066 1115 1098 1176 iu
1123 1115 1350 1180 crudelitatem
1372 1121 1486 1202 proni,
1518 1134 1615 1202 atque
1639 1121 1727 1182 istud
1802 1125 1808 1150 ¹

898 1235 904 1246 ¹
975 1237 1040 1278 uon
1069 1205 1110 1304 ab
1143 1217 1328 1282 idololatris
1359 1223 1458 1290 modo
1497 1222 1725 1304 scriptoribus,

975 1319 1036 1382 sed
1056 1296 1248 1383 Christianis
1266 1342 1415 1407 quoque,
1438 1322 1512 1408 qui,
1540 1339 1575 1386 ut
1592 1323 1670 1405 ejus
1692 1326 1727 1386 in

976 1436 1123 1485 veterem
1143 1424 1409 1504 superstitionem
1434 1424 1544 1488 odium
1564 1425 1729 1488 collauda·

976 1538 1072 1599 runt,
1106 1524 1151 1586 ita
1179 1524 1219 1585 ad
1251 1525 1321 1606 ejus
1344 1527 1499 1590 insaniant
1521 1528 1727 1608 ingemuere,

977 1648 1039 1711 qua
1076 1625 1109 1686 in
1145 1630 1367 1704 controversis
1407 1648 1518 1691 sacrae
1557 1628 1727 1691 doetrinae

977 1727 1224 1814 quaestionibus
1254 1749 1354 1812 agere
1385 1729 1457 1810 ipse
1489 1727 1646 1790 arbitrum
1677 1717 1728 1791 est

977 1853 1090 1903 susus,
1114 1841 1150 1892 et
1169 1833 1341 1917 episcopos
1360 1830 1447 1891 inter
1470 1850 1506 1891 se
1525 1832 1730 1892 committen-

977 1931 1019 1996 do
1041 1945 1163 1999 tantum
1188 1932 1261 1994 fere
1291 1932 1452 1996 ecclesiae
1483 1939 1597 2026 p'aeept
1619 1931 1730 1992 turba·

976 2035 1041 2108 tit,
1071 2049 1225 2118 quantum
1267 2035 1322 2120 qui
1352 2056 1424 2096 eam
1455 2047 1530 2096 auto
1560 2031 1729 2117 persecuti

977 2149 1061 2200 sunt.
1106 2138 1195 2196 lnter
1211 2136 1293 2198 haee
1307 2137 1385 2200 vitta
1411 2136 1512 2198 fuisse
1535 2149 1644 2196 tamen
1665 2135 1730 2198 cla-

975 2261 1049 2306 rum
1081 2238 1235 2322 eloquio,
1273 2251 1533 2321 temperantem,
1571 2235 1728 2318 egregiae

977 2339 1220 2426 tranquillitatis
1260 2341 1440 2423 perhibent
1477 2339 1657 2422 Eutropius
1695 2349 1730 2400 et

977 2458 1117 2529 uterque
1136 2442 1262 2512 Victor.
1375 2465 1384 2484 ·

1041 2613 1135 2678 onr
1163 2613 1187 2674 Ι.
1220 2591 1338 2672 incerti
1373 2607 1514 2671 nominis
1547 2609 1608 2670 lul.
1649 2611 1733 2672 Con·

979 2715 1087 2778 stantii
1117 2711 1223 2794 patrui
1253 2710 1338 2790 filia,
1366 2733 1475 2795 neque
1507 2711 1610 2792 magis
1640 2725 1731 2774 certa
1758 2751 1761 2759 ·

980 2817 1051 2900 ejus
1081 2816 1209 2900 reliqua
1241 2815 1317 2879 vitu.
1364 2816 1464 2888 Sunt,
1494 2813 1549 2897 qui
1577 2817 1732 2876 Faustum

979 2918 1174 3004 appellatam
1194 2911 1389 2998 conjiciant,
1413 2935 1478 3000 quo
1506 2914 1638 2976 nomine
1651 2900 1732 2996 'por-

981 3043 1111 3086 cussum
1134 3013 1266 3078 rtun'rum
1299 3030 1375 3102 post
1397 3016 1620 3080 Constantium
1644 3015 1731 3077 huno

981 3124 1086 3208 ipsum
1105 3117 1252 3203 prodam.

1046 3243 1379 3329 chrlt.'13usebta
1416 3253 1518 3336 patris
1550 3251 1732 3315 consularis

983 3366 1058 3428 lilia.
1080 3367 1173 3426 Haec
1184 3379 1315 3443 quoque
1325 3355 1463 3431 sterilis,
1481 3358 1627 3440 utprior.
1650 3355 1731 3438 Ejus

982 3465 1073 3528 numi
1094 3463 1233 3527 necdum
1252 3458 1389 3544 reperti.
1473 3483 1477 3490 ¹

1046 3597 1219 3684 onr'lll.
1256 3591 1404 3661 Maaeimb
1426 3599 1602 3673 Faustina,
1639 3617 1733 3680 quam

983 3721 1152 3819 postremo
1184 3701 1269 3766 ritae
1293 3720 1377 3760 anno
1407 3697 1499 3758 duxit
1527 3698 1656 3761 incerto
1679 3719 1736 3781 ge·

983 3808 1065 3872 irere
1087 3820 1201 3887 ortam
1246 3802 1298 3864 Ex
1315 3803 1375 3862 bac
1398 3815 1527 3863 mortuo
1545 3800 1662 3861 marito
1680 3823 1735 3862 na-

984 3927 1015 3974 ta
1039 3898 1224 3972 Constantia
1248 3901 1287 3966 ab
1308 3920 1430 3966 eventu
1457 3901 1559 3963 dicta
1570 3904 1747 3976 Postume„

986 4011 1123 4078 subinde
1147 4003 1303 4071 Gratiano
1335 4008 1420 4088 Aug.
1458 4017 1567 4085 nupta.
1612 3991 1739 4064 Fausti·

986 4138 1047 4180 nae
1079 4135 1211 4175 numum
1255 4107 1357 4170 edidit
1388 4105 1641 4178 Mediobarbua,
1679 4103 1739 4164 sed
1805 4175 1813 4188 .

987 4241 1029 4303 qu
1011 4221 1043 4279 ui
1070 4217 1180 4280 verius
1201 4211 1332 4272 ridetur
1354 4208 1395 4270 ad
1412 4201 1568 4270 Faustatu'
1582 4206 1740 4268 Constan-

988 4325 1034 4384 tin
1038 4321 1113 4384 iM.
1129 4315 1310 4400 pertinere.

988 4487 1355 4554 accusaremus
1378 4484 1413 4542 P.
1435 4481 1556 4541 Χ.337
1582 4473 1738 4540 adsto.

1137 4587 1147 4594 ·
1223 4586 1357 4660 state.
1378 4585 1419 4644 Χ.
1434 4589 1508 4646 ιιι.

1467 4745 1669 4846 Pa⁴

1515 4855 1600 4910 t³N
