4226 5500
438 593 486 670 m
681 536 728 596 ·’
1015 573 1406 662 annnnna

611 749 651 816 P.
668 747 738 828 aas.
758 752 820 814 eal.
834 769 864 818 a.
884 755 942 816 lla.
959 752 1007 842 13,

500 856 592 918 Haec
606 851 748 940 adoptio,
766 855 813 919 aie
830 869 866 918 ut
882 855 954 942 qaia
971 855 1090 922 eodem
1104 871 1186 924 tem·

437 981 521 1050 pore
543 961 686 1048 pluriam
708 978 782 1023 esse
806 957 935 1022 arbium
956 958 1040 1022 lilios
1061 975 1184 1044 postet,

1241 759 1347 842 eapite
1368 757 1512 844 Philippi
1532 760 1683 827 senioris.
1712 761 1866 844 (Lattara
1888 764 1925 824 Τ.
1940 764 1976 830 V·
2092 807 2093 836 .

1241 882 1275 946 p.
1291 861 1426 946 xxlx.)
2092 865 2093 886 ¹

434 1079 472 1128 ut
489 1063 575 1128 inter
588 1061 733 1126 Graecos
749 1061 861 1138 valuit,
880 1063 925 1126 ita
941 1063 1066 1127 Romae
1084 1064 1184 1130 vetita
1308 1069 1311 1076 ’

431 1168 505 1234 tait.
537 1163 670 1228 Diserte
698 1163 785 1228 istud
811 1165 945 1230 Cicero:
978 1165 1055 1250 (pro
1080 1165 1181 1230 Corn.

432 1269 537 1334 Balbo
560 1289 590 1333 c.
611 1269 674 1349 ιι.)
714 1269 1071 1334 Βααειεωείνεέετεεε
1096 1271 1182 1332 cluis

431 1395 502 1435 esse
521 1384 633 1434 nostra
647 1371 723 1448 jure
741 1371 836 1434 ciuili
856 1391 950 1432 neme
963 1383 1090 1454 potest,
1114 1392 1180 1434 non

431 1495 502 1538 esse
518 1471 617 1550 liujus
633 1473 785 1534 civitatis
802 1473 903 1550 rivis,
927 1475 986 1552 qui
1003 1495 1038 1536 se
1055 1475 1119 1536 elii
1136 1475 1182 1535 εἰ·

430 1577 537 1638 citati
550 1574 674 1636 dicarit
686 1583 808 1654 petest.
830 1573 875 1636 Et
891 1573 990 1637 iniret
1008 1574 1101 1658 (Cap.
1116 1575 1182 1657 aa.)

433 1677 548 1756 Atqui
574 1687 703 1738 ceterae
723 1675 879 1738 civitates
901 1697 1013 1738 omnes
1035 1697 1101 1740 non
1123 1675 1182 1738 du·

1368 1132 1408 1196 Ρ.
1428 1131 1501 1195 208.
1522 1133 1585 1198 cel.
1602 1153 1630 1196 a.
1641 1145 1722 1217 post
1735 1137 1797 1202 lr'n‘.
1811 1157 1859 1216 νγ.
2092 1221 2093 1238 ,

1244 1302 1541 1370 TIGRANES
1564 1303 1608 1367 II.
1627 1319 1661 1368 et
1675 1327 1769 1370 soror
1789 1307 1978 1372 EBATO.

1302 1500 1543 1584 enomere.
1599 1505 1859 1578 enemente.
1921 1511 1979 1574 τι.
2092 1475 2093 1512 ³

1238 1603 1268 1670 Γ
1270 1607 1438 1674 PANHc.
1474 1601 1582 1694 Capul
1611 1617 1700 1696 regis
1720 1617 1867 1710 juvem'lc
1889 1617 1976 1676 tiara

1239 1713 1448 1776 Armeniaca
1467 1725 1601 1778 tectum.
1622 1709 1646 1772 1
1669 1711 1845 1782 ΕΡΑΤΩ.
1862 1713 1977 1778 ΒΑΟΙ-

434 1779 582 1842 ditarent
599 1788 731 1839 nostros
748 1777 891 1857 recipere
908 1781 946 1840 ia
965 1799 1046 1841 rues
1062 1779 1182 1840 ciuita-
1235 1807 1384 1880 Aeno·
1411 1809 1662 1880 TffPANOT·
1682 1811 1890 1882 mmm
1922 1820 1977 1881 Ca·
2092 1783 2093 1792 ¹

432 1891 500 1954 ter,
522 1879 555 1939 si
571 1877 658 1938 idem
681 1897 742 1939 nas
756 1877 844 1953 juris
864 1877 1072 1956 haberemus,
1094 1881 1183 1960 quod
1234 1927 1298 1996 pu,
1315 1909 1450 1980 Eram
1472 1915 1543 1982 AB·
1559 1885 1599 1983 Π,
2092 1903 2093 1920 .

431 1977 594 2040 ceteri.-
602 2011 646 2026 -
654 1979 771 2058 ltaque
784 1983 821 2040 ir
831 1977 970 2042 Graecis
984 1981 1181 2044 ciuitatibus

429 2081 595 2157 videmus,
614 2079 763 2144 Athenis
780 2079 942 2158 Rhodios,
961 2083 1181 2144 Lacedaemo·

428 2184 520 2257 nias,
550 2193 678 2244 ceteras
700 2182 844 2261 undique
866 2183 1030 2261 adscribi,
1059 2184 1180 2244 malta·

429 2301 566 2362 rumque
583 2303 654 2348 esre
671 2283 801 2346 eosdem
816 2283 967 2346 damires
989 2287 1177 2348 ciuitatum.

602 2482 640 2548 P.
656 2485 724 2547 165.
744 2485 808 2549 eol.
823 2507 848 2546 ι.
871 2487 933 2551 lta.
949 2485 1001 2551 3².

496 2603 603 2664 Alium
633 2625 740 2688 nuper
768 2624 842 2666 cum
865 2603 965 2666 simili
992 2617 1069 2688 typo
1093 2607 1177 2686 ejus·

429 2703 505 2766 dent
533 2705 718 2770 caracallae
744 2705 847 2769 edidit
866 2705 914 2770 el.
928 2705 1100 2782 Vise-enti,
1119 2707 1178 2768 sed

428 2807 459 2868 in
481 2829 545 2892 quo
567 2807 769 2892 epigraphen
793 2807 891 2892 legit:
918 2804 965 2874 A.
986 2805 1080 2872 ΑΙΛ.
1105 2807 1176 2874 TC.

429 2905 817 2976 ΓΤΜΝΑΟΙΑΡΧΗΟ.
907 2907 1177 2976 ΑΝΕΘΗΚΕΝ.

428 3007 728 3074 ΛΑΟΔΙΚΕΩΝ.
757 3007 1045 3078 ΝΕΩΚΟΡΩΝ.
1077 3017 1176 3098 (Mus.

427 3113 629 3176 Pio-Clem.
656 3115 694 3178 Τ.
718 3115 773 3180 Vl.
806 3114 925 3197 pila.)
975 3115 1027 3174 En
1068 3137 1177 3178 exem·

426 3215 518 3296 plant
551 3215 690 3276 alterum
713 3213 976 3297 gymnasiarchae
1010 3217 1044 3276 in
1069 3217 1175 3280 narnis

426 3329 559 3398 praeter
576 3337 708 3378 namura
728 3317 882 3400 Pergami
900 3317 1036 3398 Mysiae.
1065 3321 1174 3382 illinus

425 3431 533 3480 tamen
550 3415 694 3492 adridet,
723 3417 810 3502 quod
831 3419 880 3482 vir
897 3419 1043 3482 eruditus
1066 3421 1175 3485 videa·

426 3533 479 3581 tur
494 3519 651 3593 innuere,
666 3520 744 3582 alias
762 3539 874 3584 omnes
892 3521 1072 3604 lectiones,
1086 3545 1173 3606 ·quas

427 3621 482 3683 alii
502 3641 544 3682 ex
563 3621 669 3684 narnis
688 3623 845 3684 similibus
866 3623 1173 3708 promulgaverant,

425 3723 556 3786 saliere.
567 3723 685 3786 Plures
700 3723 819 3787 sanein
837 3727 1024 3810 magistratu
1040 3725 1174 3810 Pigretc

427 3823 711 3908 conspiraverunt,
729 3839 762 3888 et
783 3827 950 3910 Pigretem
973 3827 1088 3890 Carem
1107 3850 1174 3891 me-

425 3940 531 3990 morat
549 3926 751 4010 Polyaenus,
776 3931 830 4010 (L.
842 3931 912 3996 VII.
934 3951 963 3995 c.
976 3933 1023 4010 3.)
1050 3945 1083 3993 et
1101 3931 1173 3992 Sui-

425 4027 492 4094 das.
530 4027 620 4111 (NB.
643 4030 698 4091 Ait
720 4029 842 4093 ibidem
865 4031 1028 4110 visconti,
1055 4053 1171 4094 numos

426 4131 550 4194 similes
582 4131 622 4194 ad
650 4131 848 4196 Laodiceam
877 4134 989 4217 Syriae
1021 4140 1171 4216 ragione-

424 4235 588 4295 nolmerttc
607 4246 640 4294 et
659 4240 923 4297 unanimemente
937 4235 1072 4312 referri,
1097 4257 1169 4299 eum

423 4347 532 4398 tamen
562 4333 713 4418 plerique
744 4336 879 4398 alteram
916 4337 1077 4422 Phrygiae
1109 4361 1171 4400 rna·

425 4433 505 4512 liat,
540 4455 577 4499 ac
603 4437 779 4522 praecipue
801 4439 1000 4503 Pellerinius
1030 4441 1126 4524 (Mel.
1146 4445 1170 4504 l.

425 4557 457 4616 r·
474 4537 544 4620 ro)

556 4723 590 4785 P.
612 4735 682 4802 174.
700 4725 763 4790 col.
784 4741 812 4788 e..
826 4735 903 4806 past
918 4726 978 4792 lin.
1000 4725 1030 4790 3.

1299 2049 1542 2122 enomere.
1563 2051 1743 2140 yMePAQ
1765 2053 1896 2123 NEOC.
1918 2055 1976 2118 Tl-

1238 2149 1268 2216 Γ
1270 2152 1438 2220 ΡΑΝΗΟ.
1462 2159 1570 2240 Caput
1586 2161 1675 2240 regis
1686 2161 1798 2222 simile
1814 2155 1838 2218 Σ
1918 2159 1975 2220 Tl·

1236 2249 1437 2322 l‘PANOT.
1455 2253 1669 2324 edentuli.
1695 2263 1803 2342 Caput
1825 2261 1973 2322 muliebre

1236 2359 1357 2423 sirnr'lr.
1383 2361 1506 2424 AE.11.
1530 2361 1725 2440 (Pialerton
1744 2364 1818 2426 Eas.
1834 2381 1876 2424 on
1893 2359 1971 2424 med.
2092 2451 2093 2466 ,

1237 2459 1311 2524 Vel.
1328 2461 1351 2524 l.
1371 2481 1402 2542 p.
1417 2462 1489 2526 300.
1501 2479 1678 2540 'ex-museo
1697 2465 1855 2544 Hunter.)

1299 2598 1450 2662 Priorem
1471 2619 1623 2679 numum,
1651 2615 1764 2665 nactus
1786 2615 1836 2666 eet
1856 2603 1971 2664 Romae

1236 2697 1372 2784 insignis
1393 2702 1444 2768 vir
1471 2703 1639 2766 doctrinae
1666 2705 1832 2768 Hearicas
1851 2703 1973 2766 Sancle·

1236 2803 1392 2878 mentius,
1436 2805 1573 2869 subinde
1612 2807 1770 2873 Vaticano
1809 2827 1971 2868 numerum

1236 2926 1349 2968 museo
1372 2905 1555 2970 liberaliter
1573 2909 1681 2972 cessit.
1704 2911 1788 2971 Eum
1806 2921 1916 2992 postea
1932 2895 1967 2970 el.
2092 2933 2093 2936 ¹

2092 3003 2093 3030 l

1235 3005 1332 3070 abbas
1370 3009 1529 3074 Sestinius
1561 3011 1667 3074 addita
1696 3011 1792 3074 icone
1825 3009 1969 3092 vulgarit.
2092 3035 2093 3068 t

1235 3111 1386 3190 (Lettere
1414 3113 1452 3174 Τ.
1471 3114 1511 3179 V.
1536 3135 1568 3196 p.
1585 3115 1625 3180 V.
1646 3127 1680 3174 et
1696 3099 1838 3193 llVlll.)¹
1860 3113 1970 3171 Noster

1235 3211 1289 3273 bic
1313 3214 1473 3296 Tigranes
1496 3229 1611 3297 quotus
1633 3213 1674 3276 sit
1695 3213 1782 3276 inter
1804 3213 1966 3274 Armeniae

1233 3335 1331 3396 reges
1363 3315 1599 3392 numerandus,
1628 3336 1694 3377 non
1727 3315 1803 3377 satis
1830 3329 1896 3377 tuto
1916 3333 1966 3396 po·

1232 3429 1296 3478 test
1318 3415 1457 3480 deliniri.
1491 3419 1542 3478 Ex
1563 3417 1698 3501 regibus
1720 3417 1816 3500 hujus
1837 3415 1968 3478 nominis
2092 3417 2093 3430 ¹

1231 3519 1376 3580 omnium
1394 3519 1531 3582 maxime
1554 3521 1690 3582 illustris
1716 3519 1779 3581 fuit
1800 3520 1843 3596 is,
1865 3519 1917 3601 qui
1934 3537 1980 3580 se¹
2092 3511 2093 3540 l

1231 3623 1355 3704 primus
1373 3625 1543 3704 Magnum,
1567 3641 1746 3706 regemque
1770 3641 1883 3705 regum
1909 3620 1965 3681 diei
2092 3679 2093 3700 ,

1231 3723 1344 3798 voluit,
1360 3723 1485 3804 Syriam
1499 3723 1615 3805 rapuit,
1629 3724 1732 3786 victas
1748 3721 1866 3786 deinde
1881 3725 1963 3784 aba·

1231 3823 1319 3887 callo
1335 3826 1522 3910 aPompejo
1536 3829 1581 3890 Μ.
1599 3825 1783 3908 debellatas
1796 3827 1865 3888 luit.
1887 3827 1964 3884 Fue·
2092 3869 2093 3888 .

1230 3925 1316 3988 ritne
1347 3939 1421 3990 ante
1451 3927 1536 3990 hunc
1567 3929 1683 4012 aliquis
1712 3928 1797 3988 alter
1825 3925 1961 4010 Tigranis
2092 3957 2093 3960 ¹

1229 4028 1373 4105 nomine,
1395 4049 1460 4090 non
1482 4029 1559 4092 satis
1582 4031 1704 4114 liquet,
1725 4029 1913 4094 Vaillantius
1934 4029 1968 4086 in'

1229 4149 1288 4191 suo
1317 4151 1434 4214 regum
1465 4133 1643 4194 Armeniae
1671 4131 1838 4214 catalogo,
1876 4149 1962 4216 quem

1228 4233 1390 4316 principio
1420 4231 1577 4310 indicari,
1619 4255 1770 4317 magnum
1802 4233 1886 4295 hane
1916 4232 1963 4291 Τί·
2092 4287 2093 4290 ,

1229 4356 1362 4419 granam
1392 4349 1487 4400 vocat
1508 4338 1546 4396 ll.
1569 4351 1677 4399 natam
1702 4337 1844 4420 Tigrane
1867 4337 1905 4414 l..
1936 4347 1963 4393 et
2092 4379 2093 4440 ἰ

1229 4439 1299 4519 ejus
1328 4449 1444 4500 testem
1475 4435 1583 4500 laudat
1614 4439 1830 4514 Strabonem,
1858 4457 1962 4499 verant

1230 4558 1311 4622 quae
1335 4539 1389 4600 hic
1409 4537 1512 4600 ibide
1534 4539 1678 4623 Tigrane
1697 4553 1826 4616 narrat,
1850 4559 1912 4601 non
1927 4535 1963 4600 sd

1227 4654 1434 4724 praetensum
1454 4641 1548 4724 hujus
1566 4655 1693 4722 patrem
1717 4643 1892 4726 Tigranem
1910 4637 1964 4701 sed

1228 4743 1404 4826 Tigranem
1430 4745 1475 4806 M.
1502 4743 1681 4826 pertinent,
1704 4765 1803 4827 quem
1826 4763 1905 4827 vage
1926 4739 1965 4802 ait

487 4838 616 4920 Adiecit
654 4841 751 4904 alium
781 4843 878 4907 abbas
916 4845 1063 4908 Sestiana
1094 4865 1167 4910 eunt
1225 4843 1326 4909 fuisse
1345 4829 1716 4928 Aeraffeacixbeyererstd
1735 4859 1804 4908 est:
1833 4847 1962 4907 traxisse
