<?xml version="1.0" encoding="UTF-8"?>
<!DOCTYPE html PUBLIC "-//W3C//DTD XHTML 1.0 Transitional//EN"
    "http://www.w3.org/TR/xhtml1/DTD/xhtml1-transitional.dtd">
<html xmlns="http://www.w3.org/1999/xhtml" xml:lang="en" lang="en">
 <head>
  <title>
</title>
<meta http-equiv="Content-Type" content="text/html;charset=utf-8" />
  <meta name='ocr-system' content='tesseract 3.04.00' />
  <meta name='ocr-capabilities' content='ocr_page ocr_carea ocr_par ocr_line ocrx_word'/>
</head>
<body>
  <div class='ocr_page' id='page_1' title='image "./doctrinanumorum01hohlgoog/doctrinanumorum01hohlgoog_0352.png"; bbox 0 0 4236 5480; ppageno 0'>
   <div class='ocr_carea' id='block_1_1' title="bbox 502 447 1673 538">
    <p class='ocr_par' dir='ltr' id='par_1_1' title="bbox 502 447 1673 538">
     <span class='ocr_line' id='line_1_1' title="bbox 502 447 1673 538; baseline 0.003 -3"><span class='ocrx_word' id='word_1_1' title='bbox 502 460 577 535; x_wconf 91' lang='lat' dir='ltr'>DE</span> <span class='ocrx_word' id='word_1_2' title='bbox 622 447 933 534; x_wconf 83' lang='lat' dir='ltr'>CONSVLIB.</span> <span class='ocrx_word' id='word_1_3' title='bbox 977 455 1279 534; x_wconf 63' lang='lat' dir='ltr'><strong>CAESARIB.</strong></span> <span class='ocrx_word' id='word_1_4' title='bbox 1601 473 1673 538; x_wconf 76' lang='lat'>³31</span> 
     </span>
    </p>
   </div>
   <div class='ocr_carea' id='block_1_2' title="bbox 72 634 1793 4400">
    <p class='ocr_par' dir='ltr' id='par_1_2' title="bbox 72 634 1793 4400">
     <span class='ocr_line' id='line_1_2' title="bbox 129 634 1683 729; baseline -0.003 -21"><span class='ocrx_word' id='word_1_5' title='bbox 129 637 294 708; x_wconf 81' lang='lat' dir='ltr'>Claudius·</span> <span class='ocrx_word' id='word_1_6' title='bbox 315 640 497 726; x_wconf 79' lang='lat' dir='ltr'>Agrippam</span> <span class='ocrx_word' id='word_1_7' title='bbox 526 643 682 708; x_wconf 85' lang='lat' dir='ltr'>Heredis·</span> <span class='ocrx_word' id='word_1_8' title='bbox 699 643 745 706; x_wconf 80' lang='grc' dir='ltr'>Μ.</span> <span class='ocrx_word' id='word_1_9' title='bbox 776 651 877 727; x_wconf 85' lang='lat' dir='ltr'>nepe·</span> <span class='ocrx_word' id='word_1_10' title='bbox 933 643 1062 729; x_wconf 85' lang='lat' dir='ltr'>perium</span> <span class='ocrx_word' id='word_1_11' title='bbox 1081 639 1241 705; x_wconf 76' lang='lat' dir='ltr'><strong>Kalendis</strong></span> <span class='ocrx_word' id='word_1_12' title='bbox 1262 641 1329 705; x_wconf 72' lang='lat' dir='ltr'>lani</span> <span class='ocrx_word' id='word_1_13' title='bbox 1352 634 1683 722; x_wconf 75' lang='lat' dir='ltr'>procedereconsn·</span> 
     </span>
     <span class='ocr_line' id='line_1_3' title="bbox 129 733 1683 830; baseline 0 -24"><span class='ocrx_word' id='word_1_14' title='bbox 129 758 194 810; x_wconf 77' lang='lat' dir='ltr'>teus</span> <span class='ocrx_word' id='word_1_15' title='bbox 210 742 285 806; x_wconf 79' lang='lat' dir='ltr'>-illa</span> <span class='ocrx_word' id='word_1_16' title='bbox 313 733 506 810; x_wconf 85' lang='lat' dir='ltr'>decoratum</span> <span class='ocrx_word' id='word_1_17' title='bbox 527 745 630 830; x_wconf 77' lang='lat' dir='ltr'>soluit</span> <span class='ocrx_word' id='word_1_18' title='bbox 652 745 701 827; x_wconf 82' lang='lat'>⁸),</span> <span class='ocrx_word' id='word_1_19' title='bbox 731 765 805 810; x_wconf 87' lang='lat' dir='ltr'>cum</span> <span class='ocrx_word' id='word_1_20' title='bbox 828 745 894 810; x_wconf 81' lang='lat' dir='ltr'>illi·</span> <span class='ocrx_word' id='word_1_21' title='bbox 934 744 986 806; x_wconf 92' lang='lat' dir='ltr'>les</span> <span class='ocrx_word' id='word_1_22' title='bbox 1002 743 1221 816; x_wconf 75' lang='lat' dir='ltr'>consuevisse.</span> <span class='ocrx_word' id='word_1_23' title='bbox 1234 743 1297 809; x_wconf 59' lang='grc' dir='ltr'>Νι</span> <span class='ocrx_word' id='word_1_24' title='bbox 1315 761 1381 804; x_wconf 89' lang='lat' dir='ltr'>non</span> <span class='ocrx_word' id='word_1_25' title='bbox 1397 761 1573 826; x_wconf 80' lang='lat' dir='ltr'>negamus,</span> <span class='ocrx_word' id='word_1_26' title='bbox 1595 741 1683 806; x_wconf 88' lang='lat' dir='ltr'>hunc</span> 
     </span>
     <span class='ocr_line' id='line_1_4' title="bbox 128 844 1782 930; baseline 0.001 -22"><span class='ocrx_word' id='word_1_27' title='bbox 128 847 319 922; x_wconf 81' lang='lat' dir='ltr'>ism-auten</span> <span class='ocrx_word' id='word_1_28' title='bbox 348 845 496 929; x_wconf 71' lang='lat' dir='ltr'>Caligula</span> <span class='ocrx_word' id='word_1_29' title='bbox 530 846 712 930; x_wconf 86' lang='lat' dir='ltr'>imperante</span> <span class='ocrx_word' id='word_1_30' title='bbox 747 862 878 912; x_wconf 86' lang='lat' dir='ltr'>senatus</span> <span class='ocrx_word' id='word_1_31' title='bbox 936 851 1065 910; x_wconf 80' lang='lat' dir='ltr'>morena</span> <span class='ocrx_word' id='word_1_32' title='bbox 1081 844 1431 928; x_wconf 78' lang='lat' dir='ltr'>multesimpsr&#39;atores</span> <span class='ocrx_word' id='word_1_33' title='bbox 1452 861 1683 926; x_wconf 78' lang='lat' dir='ltr'>cessassemus,</span> <span class='ocrx_word' id='word_1_34' title='bbox 1780 853 1782 868; x_wconf 92' lang='lat'>&#39;</span> 
     </span>
     <span class='ocr_line' id='line_1_5' title="bbox 128 948 1685 1032; baseline 0.003 -24"><span class='ocrx_word' id='word_1_35' title='bbox 128 948 305 1010; x_wconf 82' lang='lat' dir='ltr'>Romanus·</span> <span class='ocrx_word' id='word_1_36' title='bbox 335 961 526 1032; x_wconf 81' lang='lat' dir='ltr'>ornaments</span> <span class='ocrx_word' id='word_1_37' title='bbox 562 949 745 1032; x_wconf 80' lang='lat' dir='ltr'>praetoris&#39;</span> <span class='ocrx_word' id='word_1_38' title='bbox 765 949 879 1015; x_wconf 85' lang='lat' dir='ltr'>decre·</span> <span class='ocrx_word' id='word_1_39' title='bbox 936 963 1045 1012; x_wconf 85' lang='lat' dir='ltr'>tamen</span> <span class='ocrx_word' id='word_1_40' title='bbox 1073 953 1203 1012; x_wconf 69' lang='lat' dir='ltr'>cereum</span> <span class='ocrx_word' id='word_1_41' title='bbox 1218 961 1299 1022; x_wconf 74' lang='lat' dir='ltr'>est,</span> <span class='ocrx_word' id='word_1_42' title='bbox 1336 967 1407 1012; x_wconf 85' lang='lat' dir='ltr'>eam</span> <span class='ocrx_word' id='word_1_43' title='bbox 1436 948 1585 1032; x_wconf 73' lang='lat' dir='ltr'>&#39;regulam</span> <span class='ocrx_word' id='word_1_44' title='bbox 1615 968 1685 1012; x_wconf 85' lang='lat' dir='ltr'>sse·</span> 
     </span>
     <span class='ocr_line' id='line_1_6' title="bbox 126 1044 1682 1135; baseline 0.003 -23"><span class='ocrx_word' id='word_1_45' title='bbox 126 1044 289 1128; x_wconf 64' lang='lat' dir='ltr'>numi).</span> <span class='ocrx_word' id='word_1_46' title='bbox 579 1095 584 1105; x_wconf 82' lang='lat'><em>-</em></span> <span class='ocrx_word' id='word_1_47' title='bbox 647 1089 650 1096; x_wconf 44' lang='lat'><strong>⁴</strong></span> <span class='ocrx_word' id='word_1_48' title='bbox 886 1059 891 1080; x_wconf 80' lang='lat'>‘</span> <span class='ocrx_word' id='word_1_49' title='bbox 935 1051 1009 1135; x_wconf 89' lang='lat' dir='ltr'>pius</span> <span class='ocrx_word' id='word_1_50' title='bbox 1033 1049 1165 1115; x_wconf 80' lang='lat' dir='ltr'>fellere.</span> <span class='ocrx_word' id='word_1_51' title='bbox 1207 1053 1238 1112; x_wconf 89' lang='lat' dir='ltr'>1s</span> <span class='ocrx_word' id='word_1_52' title='bbox 1268 1071 1339 1124; x_wconf 85' lang='lat' dir='ltr'>mos</span> <span class='ocrx_word' id='word_1_53' title='bbox 1361 1072 1380 1112; x_wconf 87' lang='lat' dir='ltr'>a</span> <span class='ocrx_word' id='word_1_54' title='bbox 1402 1051 1536 1114; x_wconf 78' lang='lat' dir='ltr'><strong>Nerone</strong></span> <span class='ocrx_word' id='word_1_55' title='bbox 1559 1065 1682 1116; x_wconf 84' lang='lat' dir='ltr'>tractus</span> 
     </span>
     <span class='ocr_line' id='line_1_7' title="bbox 125 1149 1684 1242; baseline 0.003 -28"><span class='ocrx_word' id='word_1_56' title='bbox 125 1163 131 1172; x_wconf 84' lang='grc'><em>·</em></span> <span class='ocrx_word' id='word_1_57' title='bbox 197 1149 397 1242; x_wconf 71' lang='lat' dir='ltr'><strong>Quaeritur,</strong></span> <span class='ocrx_word' id='word_1_58' title='bbox 418 1165 526 1215; x_wconf 85' lang='lat' dir='ltr'>utrum</span> <span class='ocrx_word' id='word_1_59' title='bbox 548 1151 602 1226; x_wconf 85' lang='lat' dir='ltr'>lsi,</span> <span class='ocrx_word' id='word_1_60' title='bbox 624 1153 680 1236; x_wconf 88' lang='lat' dir='ltr'>qui</span> <span class='ocrx_word' id='word_1_61' title='bbox 705 1150 882 1218; x_wconf 85' lang='lat' dir='ltr'>consuleri-</span> <span class='ocrx_word' id='word_1_62' title='bbox 935 1151 1076 1220; x_wconf 78' lang='lat' dir='ltr'>vidstur&#39;.</span> <span class='ocrx_word' id='word_1_63' title='bbox 1120 1155 1227 1216; x_wconf 87' lang='lat' dir='ltr'>Gerte&#39;</span> <span class='ocrx_word' id='word_1_64' title='bbox 1249 1151 1315 1224; x_wconf 87' lang='lat' dir='ltr'>illi,</span> <span class='ocrx_word' id='word_1_65' title='bbox 1347 1151 1403 1234; x_wconf 88' lang='lat' dir='ltr'>qui</span> <span class='ocrx_word' id='word_1_66' title='bbox 1429 1153 1580 1236; x_wconf 79' lang='lat' dir='ltr'>proxime</span> <span class='ocrx_word' id='word_1_67' title='bbox 1612 1169 1684 1218; x_wconf 88' lang='lat' dir='ltr'>suc-</span> 
     </span>
     <span class='ocr_line' id='line_1_8' title="bbox 128 1253 1726 1336; baseline 0.003 -23"><span class='ocrx_word' id='word_1_68' title='bbox 128 1253 418 1326; x_wconf 81' lang='lat' dir='ltr'>bnsorasmentis</span> <span class='ocrx_word' id='word_1_69' title='bbox 444 1255 553 1319; x_wconf 87' lang='lat' dir='ltr'>donati</span> <span class='ocrx_word' id='word_1_70' title='bbox 576 1255 691 1333; x_wconf 81' lang='lat' dir='ltr'>fuere,</span> <span class='ocrx_word' id='word_1_71' title='bbox 720 1275 794 1318; x_wconf 89' lang='lat' dir='ltr'>curn</span> <span class='ocrx_word' id='word_1_72' title='bbox 825 1255 881 1320; x_wconf 88' lang='lat' dir='ltr'>de·</span> <span class='ocrx_word' id='word_1_73' title='bbox 938 1263 1106 1331; x_wconf 34' lang='lat' dir='ltr'>cessere-,1</span> <span class='ocrx_word' id='word_1_74' title='bbox 1136 1253 1258 1329; x_wconf 85' lang='lat' dir='ltr'>Galba,</span> <span class='ocrx_word' id='word_1_75' title='bbox 1296 1255 1533 1336; x_wconf 84' lang='lat' dir='ltr'>Vespasianus,</span> <span class='ocrx_word' id='word_1_76' title='bbox 1577 1255 1683 1336; x_wconf 76' lang='lat' dir='ltr'>Titus,</span> <span class='ocrx_word' id='word_1_77' title='bbox 1724 1296 1726 1303; x_wconf 35' lang='grc' dir='ltr'>ι</span> 
     </span>
     <span class='ocr_line' id='line_1_9' title="bbox 72 1355 1685 1442; baseline 0.001 -22"><span class='ocrx_word' id='word_1_78' title='bbox 72 1409 80 1430; x_wconf 85' lang='grc'><strong><em>,</em></strong></span> <span class='ocrx_word' id='word_1_79' title='bbox 128 1359 214 1421; x_wconf 83' lang='lat' dir='ltr'>inde</span> <span class='ocrx_word' id='word_1_80' title='bbox 243 1355 397 1420; x_wconf 86' lang='lat' dir='ltr'>consules</span> <span class='ocrx_word' id='word_1_81' title='bbox 419 1371 666 1438; x_wconf 67' lang='lat' dir='ltr'>processerant,</span> <span class='ocrx_word' id='word_1_82' title='bbox 695 1358 881 1422; x_wconf 83' lang='lat' dir='ltr'>consulatus</span> <span class='ocrx_word' id='word_1_83' title='bbox 935 1355 1158 1433; x_wconf 78' lang='lat' dir='ltr'>Domitianas,</span> <span class='ocrx_word' id='word_1_84' title='bbox 1207 1357 1316 1419; x_wconf 83' lang='lat' dir='ltr'>Nerva</span> <span class='ocrx_word' id='word_1_85' title='bbox 1347 1355 1491 1418; x_wconf 82' lang='lat' dir='ltr'>Neronis</span> <span class='ocrx_word' id='word_1_86' title='bbox 1529 1358 1685 1442; x_wconf 81' lang='lat' dir='ltr'>exemplo</span> 
     </span>
     <span class='ocr_line' id='line_1_10' title="bbox 129 1455 1732 1556; baseline -0.001 -32"><span class='ocrx_word' id='word_1_87' title='bbox 129 1455 499 1524; x_wconf 79' lang='lat' dir='ltr'>numerumsuxeriut?</span> <span class='ocrx_word' id='word_1_88' title='bbox 541 1461 648 1540; x_wconf 75' lang='lat' dir='ltr'>Negat</span> <span class='ocrx_word' id='word_1_89' title='bbox 664 1459 750 1522; x_wconf 86' lang='lat' dir='ltr'>istud</span> <span class='ocrx_word' id='word_1_90' title='bbox 767 1459 800 1522; x_wconf 90' lang='lat' dir='ltr'>in</span> <span class='ocrx_word' id='word_1_91' title='bbox 816 1459 882 1523; x_wconf 91' lang='lat' dir='ltr'>Oc·</span> <span class='ocrx_word' id='word_1_92' title='bbox 938 1458 1096 1542; x_wconf 82' lang='lat' dir='ltr'>proximis</span> <span class='ocrx_word' id='word_1_93' title='bbox 1120 1457 1374 1522; x_wconf 50' lang='lat' dir='ltr'>Kalendis-«Isin.</span> <span class='ocrx_word' id='word_1_94' title='bbox 1397 1457 1600 1522; x_wconf 84' lang='lat' dir='ltr'>consulatum</span> <span class='ocrx_word' id='word_1_95' title='bbox 1626 1461 1688 1522; x_wconf 91' lang='lat' dir='ltr'>ini·</span> <span class='ocrx_word' id='word_1_96' title='bbox 1723 1535 1732 1556; x_wconf 31' lang='grc' dir='ltr'>ι</span> 
     </span>
     <span class='ocr_line' id='line_1_11' title="bbox 128 1556 1685 1651; baseline 0.001 -27"><span class='ocrx_word' id='word_1_97' title='bbox 128 1563 265 1628; x_wconf 71' lang='lat' dir='ltr'>uriaco</span> <span class='ocrx_word' id='word_1_98' title='bbox 287 1558 353 1622; x_wconf 90' lang='lat' dir='ltr'>Dio</span> <span class='ocrx_word' id='word_1_99' title='bbox 376 1559 418 1641; x_wconf 67' lang='grc' dir='ltr'>ο).</span> <span class='ocrx_word' id='word_1_100' title='bbox 460 1559 542 1622; x_wconf 87' lang='lat' dir='ltr'>Nam</span> <span class='ocrx_word' id='word_1_101' title='bbox 564 1578 639 1622; x_wconf 86' lang='lat' dir='ltr'>cam</span> <span class='ocrx_word' id='word_1_102' title='bbox 663 1561 718 1625; x_wconf 87' lang='lat' dir='ltr'>hie</span> <span class='ocrx_word' id='word_1_103' title='bbox 739 1561 880 1644; x_wconf 86' lang='lat' dir='ltr'>primum</span> <span class='ocrx_word' id='word_1_104' title='bbox 938 1577 1029 1624; x_wconf 84' lang='lat' dir='ltr'>vere.</span> <span class='ocrx_word' id='word_1_105' title='bbox 1080 1556 1283 1651; x_wconf 80' lang='lat' dir='ltr'>Quud&#39;eum</span> <span class='ocrx_word' id='word_1_106' title='bbox 1314 1559 1471 1643; x_wconf 78' lang='lat' dir='ltr'>&#39;I&#39;rajsnus</span> <span class='ocrx_word' id='word_1_107' title='bbox 1496 1559 1685 1626; x_wconf 75' lang='lat' dir='ltr'>faciendum</span> 
     </span>
     <span class='ocr_line' id='line_1_12' title="bbox 129 1659 1685 1746; baseline -0.001 -16"><span class='ocrx_word' id='word_1_108' title='bbox 129 1675 327 1730; x_wconf 80' lang='lat' dir='ltr'>ornamenta</span> <span class='ocrx_word' id='word_1_109' title='bbox 357 1661 559 1737; x_wconf 84' lang='lat' dir='ltr'>consularis,</span> <span class='ocrx_word' id='word_1_110' title='bbox 594 1674 629 1723; x_wconf 89' lang='lat' dir='ltr'>ut</span> <span class='ocrx_word' id='word_1_111' title='bbox 659 1665 813 1727; x_wconf 86' lang='lat' dir='ltr'>continuo</span> <span class='ocrx_word' id='word_1_112' title='bbox 836 1663 882 1724; x_wconf 87' lang='lat' dir='ltr'>di·</span> <span class='ocrx_word' id='word_1_113' title='bbox 939 1674 1168 1744; x_wconf 67' lang='lat' dir='ltr'>amputasset,</span> <span class='ocrx_word' id='word_1_114' title='bbox 1185 1659 1401 1722; x_wconf 82' lang='lat' dir='ltr'>disitPlinius</span> <span class='ocrx_word' id='word_1_115' title='bbox 1417 1663 1467 1744; x_wconf 85' lang='lat' dir='ltr'>d)=</span> <span class='ocrx_word' id='word_1_116' title='bbox 1489 1667 1685 1746; x_wconf 49' lang='lat' dir='ltr'>tassinaria}</span> 
     </span>
     <span class='ocr_line' id='line_1_13' title="bbox 130 1761 1686 1850; baseline -0.001 -20"><span class='ocrx_word' id='word_1_117' title='bbox 130 1769 262 1842; x_wconf 79' lang='lat' dir='ltr'>ximus,</span> <span class='ocrx_word' id='word_1_118' title='bbox 285 1785 323 1827; x_wconf 89' lang='lat' dir='ltr'>sc</span> <span class='ocrx_word' id='word_1_119' title='bbox 340 1761 449 1844; x_wconf 81' lang='lat' dir='ltr'>paullo</span> <span class='ocrx_word' id='word_1_120' title='bbox 466 1763 756 1850; x_wconf 81' lang='lat' dir='ltr'>postconsulatum</span> <span class='ocrx_word' id='word_1_121' title='bbox 774 1765 881 1849; x_wconf 78' lang='lat' dir='ltr'>ipsum</span> <span class='ocrx_word' id='word_1_122' title='bbox 939 1768 1065 1843; x_wconf 71' lang='lat' dir='ltr'>clpam</span> <span class='ocrx_word' id='word_1_123' title='bbox 1082 1767 1282 1825; x_wconf 74' lang='lat' dir='ltr'><em>comulatam</em></span> <span class='ocrx_word' id='word_1_124' title='bbox 1301 1767 1474 1838; x_wconf 73' lang='lat' dir='ltr'>recusasti,</span> <span class='ocrx_word' id='word_1_125' title='bbox 1495 1777 1588 1847; x_wconf 74' lang='lat' dir='ltr'>quem</span> <span class='ocrx_word' id='word_1_126' title='bbox 1609 1772 1686 1829; x_wconf 78' lang='lat' dir='ltr'>noui</span> 
     </span>
     <span class='ocr_line' id='line_1_14' title="bbox 104 1865 1688 1957; baseline -0.001 -24"><span class='ocrx_word' id='word_1_127' title='bbox 104 1909 110 1916; x_wconf 90' lang='lat'><strong>·</strong></span> <span class='ocrx_word' id='word_1_128' title='bbox 132 1867 345 1942; x_wconf 77' lang='lat' dir='ltr'>obstulisset,</span> <span class='ocrx_word' id='word_1_129' title='bbox 366 1880 557 1929; x_wconf 86' lang='lat' dir='ltr'>nontamen</span> <span class='ocrx_word' id='word_1_130' title='bbox 578 1865 665 1957; x_wconf 61' lang='lat' dir='ltr'>lunc</span> <span class='ocrx_word' id='word_1_131' title='bbox 681 1865 883 1929; x_wconf 68' lang='lat' dir='ltr'>ambitiosius</span> <span class='ocrx_word' id='word_1_132' title='bbox 941 1870 1148 1945; x_wconf 79' lang='lat' dir='ltr'>imperatores</span> <span class='ocrx_word' id='word_1_133' title='bbox 1170 1869 1364 1928; x_wconf 80' lang='lat' dir='ltr'>destinatum</span> <span class='ocrx_word' id='word_1_134' title='bbox 1385 1868 1462 1926; x_wconf 79' lang='lat' dir='ltr'>aliis</span> <span class='ocrx_word' id='word_1_135' title='bbox 1477 1868 1513 1926; x_wconf 83' lang='lat' dir='ltr'>iss</span> <span class='ocrx_word' id='word_1_136' title='bbox 1533 1887 1569 1930; x_wconf 82' lang='lat' dir='ltr'>es</span> <span class='ocrx_word' id='word_1_137' title='bbox 1583 1879 1688 1930; x_wconf 80' lang='lat' dir='ltr'>trans·</span> 
     </span>
     <span class='ocr_line' id='line_1_15' title="bbox 132 1962 1684 2050; baseline -0.002 -17"><span class='ocrx_word' id='word_1_138' title='bbox 132 1967 319 2033; x_wconf 83' lang='lat' dir='ltr'>secundum</span> <span class='ocrx_word' id='word_1_139' title='bbox 343 1966 480 2030; x_wconf 84' lang='lat' dir='ltr'>rocarit.</span> <span class='ocrx_word' id='word_1_140' title='bbox 525 1967 641 2030; x_wconf 78' lang='lat' dir='ltr'>Statim</span> <span class='ocrx_word' id='word_1_141' title='bbox 673 1987 754 2030; x_wconf 82' lang='lat' dir='ltr'>reso</span> <span class='ocrx_word' id='word_1_142' title='bbox 785 1967 882 2050; x_wconf 85' lang='lat' dir='ltr'>subji·</span> <span class='ocrx_word' id='word_1_143' title='bbox 936 1969 1095 2047; x_wconf 78' lang='lat' dir='ltr'>serebant.</span> <span class='ocrx_word' id='word_1_144' title='bbox 1138 1965 1191 2025; x_wconf 83' lang='lat' dir='ltr'>Ex</span> <span class='ocrx_word' id='word_1_145' title='bbox 1203 1963 1281 2048; x_wconf 87' lang='lat' dir='ltr'>ipsis</span> <span class='ocrx_word' id='word_1_146' title='bbox 1297 1984 1378 2046; x_wconf 78' lang='lat' dir='ltr'>crgo</span> <span class='ocrx_word' id='word_1_147' title='bbox 1392 1963 1443 2027; x_wconf 89' lang='lat' dir='ltr'>his</span> <span class='ocrx_word' id='word_1_148' title='bbox 1459 1962 1559 2037; x_wconf 81' lang='lat' dir='ltr'>Plinii</span> <span class='ocrx_word' id='word_1_149' title='bbox 1574 1967 1684 2033; x_wconf 82' lang='lat' dir='ltr'>verbis</span> 
     </span>
     <span class='ocr_line' id='line_1_16' title="bbox 130 2065 1686 2154; baseline -0.003 -19"><span class='ocrx_word' id='word_1_150' title='bbox 130 2075 180 2136; x_wconf 86' lang='lat' dir='ltr'>eit</span> <span class='ocrx_word' id='word_1_151' title='bbox 201 2082 337 2145; x_wconf 77' lang='lat' dir='ltr'>suctos,</span> <span class='ocrx_word' id='word_1_152' title='bbox 368 2067 454 2129; x_wconf 87' lang='lat' dir='ltr'>istud</span> <span class='ocrx_word' id='word_1_153' title='bbox 482 2067 516 2128; x_wconf 93' lang='lat' dir='ltr'>in</span> <span class='ocrx_word' id='word_1_154' title='bbox 538 2069 698 2133; x_wconf 83' lang='lat' dir='ltr'>similibus</span> <span class='ocrx_word' id='word_1_155' title='bbox 726 2069 883 2154; x_wconf 85' lang='lat' dir='ltr'>deinceps</span> <span class='ocrx_word' id='word_1_156' title='bbox 940 2067 1004 2150; x_wconf 84' lang='lat' dir='ltr'>jam</span> <span class='ocrx_word' id='word_1_157' title='bbox 1035 2068 1112 2130; x_wconf 87' lang='lat' dir='ltr'>satis</span> <span class='ocrx_word' id='word_1_158' title='bbox 1144 2065 1253 2129; x_wconf 87' lang='lat' dir='ltr'>elucet</span> <span class='ocrx_word' id='word_1_159' title='bbox 1285 2065 1440 2128; x_wconf 87' lang='lat' dir='ltr'>hic-mos</span> <span class='ocrx_word' id='word_1_160' title='bbox 1469 2068 1622 2150; x_wconf 85' lang='lat' dir='ltr'>jamtum</span> <span class='ocrx_word' id='word_1_161' title='bbox 1644 2071 1686 2135; x_wconf 77' lang='lat' dir='ltr'>ab</span> 
     </span>
     <span class='ocr_line' id='line_1_17' title="bbox 131 2159 1758 2258; baseline 0.004 -26"><span class='ocrx_word' id='word_1_162' title='bbox 131 2172 291 2238; x_wconf 80' lang='lat' dir='ltr'>omuibus</span> <span class='ocrx_word' id='word_1_163' title='bbox 321 2160 425 2254; x_wconf 82' lang='lat' dir='ltr'>usque</span> <span class='ocrx_word' id='word_1_164' title='bbox 456 2169 498 2232; x_wconf 82' lang='lat' dir='ltr'>sd</span> <span class='ocrx_word' id='word_1_165' title='bbox 525 2192 583 2236; x_wconf 85' lang='lat' dir='ltr'>sua</span> <span class='ocrx_word' id='word_1_166' title='bbox 612 2187 761 2258; x_wconf 85' lang='lat' dir='ltr'>tempora</span> <span class='ocrx_word' id='word_1_167' title='bbox 783 2172 912 2244; x_wconf 70' lang='lat' dir='ltr'>fuissev</span> <span class='ocrx_word' id='word_1_168' title='bbox 941 2167 1193 2253; x_wconf 77' lang='lat' dir='ltr'>imperatoribus</span> <span class='ocrx_word' id='word_1_169' title='bbox 1223 2167 1393 2230; x_wconf 83' lang='lat' dir='ltr'>observari</span> <span class='ocrx_word' id='word_1_170' title='bbox 1425 2170 1556 2249; x_wconf 85' lang='lat' dir='ltr'>solitus,</span> <span class='ocrx_word' id='word_1_171' title='bbox 1596 2176 1687 2258; x_wconf 83' lang='lat' dir='ltr'>qued</span> <span class='ocrx_word' id='word_1_172' title='bbox 1753 2159 1758 2170; x_wconf 49' lang='lat'>,</span> 
     </span>
     <span class='ocr_line' id='line_1_18' title="bbox 134 2268 1687 2358; baseline 0.002 -20"><span class='ocrx_word' id='word_1_173' title='bbox 134 2275 365 2348; x_wconf 76' lang='lat' dir='ltr'>observatum,</span> <span class='ocrx_word' id='word_1_174' title='bbox 395 2271 536 2354; x_wconf 87' lang='lat' dir='ltr'>primum</span> <span class='ocrx_word' id='word_1_175' title='bbox 559 2287 668 2338; x_wconf 88' lang='lat' dir='ltr'>sutem</span> <span class='ocrx_word' id='word_1_176' title='bbox 702 2273 804 2336; x_wconf 82' lang='lat' dir='ltr'>fuisse</span> <span class='ocrx_word' id='word_1_177' title='bbox 827 2273 887 2335; x_wconf 82' lang='lat' dir='ltr'>Se·</span> <span class='ocrx_word' id='word_1_178' title='bbox 943 2274 1040 2332; x_wconf 87' lang='lat' dir='ltr'>etiam</span> <span class='ocrx_word' id='word_1_179' title='bbox 1071 2268 1241 2332; x_wconf 83' lang='lat' dir='ltr'>confirmat</span> <span class='ocrx_word' id='word_1_180' title='bbox 1269 2269 1459 2351; x_wconf 72' lang='lat' dir='ltr'>Spartianus</span> <span class='ocrx_word' id='word_1_181' title='bbox 1481 2273 1620 2358; x_wconf 86' lang='lat' dir='ltr'>loquens</span> <span class='ocrx_word' id='word_1_182' title='bbox 1644 2276 1687 2342; x_wconf 82' lang='lat' dir='ltr'>de</span> 
     </span>
     <span class='ocr_line' id='line_1_19' title="bbox 131 2373 1692 2458; baseline 0.004 -20"><span class='ocrx_word' id='word_1_183' title='bbox 131 2395 273 2450; x_wconf 77' lang='lat' dir='ltr'>rerum,</span> <span class='ocrx_word' id='word_1_184' title='bbox 296 2375 500 2457; x_wconf 82' lang='lat' dir='ltr'>quimorem</span> <span class='ocrx_word' id='word_1_185' title='bbox 520 2380 673 2441; x_wconf 75' lang='lat' dir='ltr'>mutarit.</span> <span class='ocrx_word' id='word_1_186' title='bbox 713 2376 794 2458; x_wconf 82' lang='lat' dir='ltr'>Nam</span> <span class='ocrx_word' id='word_1_187' title='bbox 811 2395 884 2438; x_wconf 86' lang='lat' dir='ltr'>eum</span> <span class='ocrx_word' id='word_1_188' title='bbox 943 2373 1041 2436; x_wconf 80' lang='lat' dir='ltr'>Aelio</span> <span class='ocrx_word' id='word_1_189' title='bbox 1071 2373 1210 2436; x_wconf 84' lang='lat' dir='ltr'>Caesare</span> <span class='ocrx_word' id='word_1_190' title='bbox 1241 2393 1317 2436; x_wconf 82' lang='lat' dir='ltr'>mee</span> <span class='ocrx_word' id='word_1_191' title='bbox 1340 2378 1454 2436; x_wconf 80' lang='lat' dir='ltr'>consul</span> <span class='ocrx_word' id='word_1_192' title='bbox 1473 2389 1617 2455; x_wconf 81' lang='lat' dir='ltr'>creatas,</span> <span class='ocrx_word' id='word_1_193' title='bbox 1658 2393 1692 2444; x_wconf 82' lang='lat' dir='ltr'>et</span> 
     </span>
     <span class='ocr_line' id='line_1_20' title="bbox 134 2477 1690 2559; baseline 0.003 -20"><span class='ocrx_word' id='word_1_194' title='bbox 134 2478 345 2543; x_wconf 77' lang='lat' dir='ltr'>Piaufisnum</span> <span class='ocrx_word' id='word_1_195' title='bbox 359 2477 498 2559; x_wconf 80' lang='lat' dir='ltr'>primum</span> <span class='ocrx_word' id='word_1_196' title='bbox 517 2479 568 2540; x_wconf 85' lang='lat' dir='ltr'>his</span> <span class='ocrx_word' id='word_1_197' title='bbox 589 2479 807 2554; x_wconf 73' lang='lat' dir='ltr'>ornamentis,</span> <span class='ocrx_word' id='word_1_198' title='bbox 830 2477 886 2539; x_wconf 86' lang='lat' dir='ltr'>de·</span> <span class='ocrx_word' id='word_1_199' title='bbox 944 2479 1023 2558; x_wconf 73' lang='lat' dir='ltr'>quia</span> <span class='ocrx_word' id='word_1_200' title='bbox 1039 2486 1111 2538; x_wconf 79' lang='lat' dir='ltr'>erat</span> <span class='ocrx_word' id='word_1_201' title='bbox 1125 2479 1294 2554; x_wconf 77' lang='lat' dir='ltr'>deputatas</span> <span class='ocrx_word' id='word_1_202' title='bbox 1312 2477 1463 2554; x_wconf 80' lang='lat' dir='ltr'>imperio,</span> <span class='ocrx_word' id='word_1_203' title='bbox 1486 2481 1601 2542; x_wconf 80' lang='lat' dir='ltr'>iterum</span> <span class='ocrx_word' id='word_1_204' title='bbox 1615 2503 1690 2545; x_wconf 83' lang='lat' dir='ltr'>eoa·</span> 
     </span>
     <span class='ocr_line' id='line_1_21' title="bbox 135 2576 1690 2662; baseline 0.004 -22"><span class='ocrx_word' id='word_1_205' title='bbox 135 2579 305 2662; x_wconf 74' lang='lat' dir='ltr'>inde-‘ipso</span> <span class='ocrx_word' id='word_1_206' title='bbox 320 2579 489 2642; x_wconf 79' lang='lat' dir='ltr'>consulatu</span> <span class='ocrx_word' id='word_1_207' title='bbox 510 2579 679 2653; x_wconf 81' lang='lat' dir='ltr'>donasset,</span> <span class='ocrx_word' id='word_1_208' title='bbox 703 2601 777 2645; x_wconf 87' lang='lat' dir='ltr'>eum</span> <span class='ocrx_word' id='word_1_209' title='bbox 795 2580 887 2645; x_wconf 83' lang='lat' dir='ltr'>velut</span> <span class='ocrx_word' id='word_1_210' title='bbox 942 2578 997 2638; x_wconf 81' lang='lat' dir='ltr'>sul</span> <span class='ocrx_word' id='word_1_211' title='bbox 1010 2580 1196 2656; x_wconf 63' lang='lat' dir='ltr'>desinentes</span> <span class='ocrx_word' id='word_1_212' title='bbox 1211 2587 1268 2643; x_wconf 74' lang='lat' dir='ltr'>est.</span> <span class='ocrx_word' id='word_1_213' title='bbox 1310 2576 1389 2637; x_wconf 87' lang='lat' dir='ltr'>Post</span> <span class='ocrx_word' id='word_1_214' title='bbox 1405 2577 1578 2660; x_wconf 85' lang='lat' dir='ltr'>Trsjsnum</span> <span class='ocrx_word' id='word_1_215' title='bbox 1594 2579 1690 2646; x_wconf 80' lang='lat' dir='ltr'>fuere</span> 
     </span>
     <span class='ocr_line' id='line_1_22' title="bbox 136 2673 1690 2767; baseline 0.005 -25"><span class='ocrx_word' id='word_1_216' title='bbox 136 2685 259 2744; x_wconf 87' lang='lat' dir='ltr'>iterum</span> <span class='ocrx_word' id='word_1_217' title='bbox 278 2679 448 2742; x_wconf 86' lang='lat' dir='ltr'>consulem</span> <span class='ocrx_word' id='word_1_218' title='bbox 464 2681 649 2744; x_wconf 85' lang='lat' dir='ltr'>renunciari</span> <span class='ocrx_word' id='word_1_219' title='bbox 666 2681 818 2764; x_wconf 88' lang='lat' dir='ltr'>jussisse,</span> <span class='ocrx_word' id='word_1_220' title='bbox 839 2683 887 2745; x_wconf 91' lang='lat' dir='ltr'>id·</span> <span class='ocrx_word' id='word_1_221' title='bbox 943 2695 1009 2738; x_wconf 78' lang='lat' dir='ltr'>non</span> <span class='ocrx_word' id='word_1_222' title='bbox 1037 2676 1148 2759; x_wconf 87' lang='lat' dir='ltr'>pauci,</span> <span class='ocrx_word' id='word_1_223' title='bbox 1182 2677 1237 2759; x_wconf 90' lang='lat' dir='ltr'>qui</span> <span class='ocrx_word' id='word_1_224' title='bbox 1259 2675 1298 2736; x_wconf 86' lang='lat' dir='ltr'>ab</span> <span class='ocrx_word' id='word_1_225' title='bbox 1320 2695 1360 2738; x_wconf 91' lang='lat' dir='ltr'>eo</span> <span class='ocrx_word' id='word_1_226' title='bbox 1386 2673 1584 2758; x_wconf 83' lang='lat' dir='ltr'>discessere,</span> <span class='ocrx_word' id='word_1_227' title='bbox 1607 2705 1690 2767; x_wconf 85' lang='lat' dir='ltr'>quos</span> 
     </span>
     <span class='ocr_line' id='line_1_23' title="bbox 137 2765 1691 2869; baseline 0.007 -27"><span class='ocrx_word' id='word_1_228' title='bbox 137 2780 335 2866; x_wconf 83' lang='lat' dir='ltr'>quedeinde</span> <span class='ocrx_word' id='word_1_229' title='bbox 352 2773 481 2845; x_wconf 71' lang='lat' dir='ltr'>sb‘aliis</span> <span class='ocrx_word' id='word_1_230' title='bbox 496 2765 625 2868; x_wconf 70' lang='lat' dir='ltr'>queque</span> <span class='ocrx_word' id='word_1_231' title='bbox 641 2783 740 2847; x_wconf 85' lang='lat' dir='ltr'>fuisse</span> <span class='ocrx_word' id='word_1_232' title='bbox 755 2784 886 2848; x_wconf 81' lang='lat' dir='ltr'>factum.</span> <span class='ocrx_word' id='word_1_233' title='bbox 945 2775 1081 2862; x_wconf 79' lang='lat' dir='ltr'>collegit</span> <span class='ocrx_word' id='word_1_234' title='bbox 1102 2776 1317 2838; x_wconf 83' lang='lat' dir='ltr'>Maaaolenus</span> <span class='ocrx_word' id='word_1_235' title='bbox 1333 2779 1384 2862; x_wconf 71' lang='lat'>⁶),</span> <span class='ocrx_word' id='word_1_236' title='bbox 1407 2793 1440 2841; x_wconf 94' lang='lat' dir='ltr'>et</span> <span class='ocrx_word' id='word_1_237' title='bbox 1462 2781 1575 2846; x_wconf 85' lang='lat' dir='ltr'>videre</span> <span class='ocrx_word' id='word_1_238' title='bbox 1594 2800 1691 2869; x_wconf 86' lang='lat' dir='ltr'>potes</span> 
     </span>
     <span class='ocr_line' id='line_1_24' title="bbox 140 2877 1689 2964; baseline 0.007 -25"><span class='ocrx_word' id='word_1_239' title='bbox 140 2889 265 2946; x_wconf 77' lang='lat' dir='ltr'>Tmen</span> <span class='ocrx_word' id='word_1_240' title='bbox 283 2883 465 2945; x_wconf 77' lang='lat' dir='ltr'>Macrinum</span> <span class='ocrx_word' id='word_1_241' title='bbox 489 2884 520 2943; x_wconf 91' lang='lat' dir='ltr'>in</span> <span class='ocrx_word' id='word_1_242' title='bbox 535 2905 570 2946; x_wconf 78' lang='lat' dir='ltr'>se</span> <span class='ocrx_word' id='word_1_243' title='bbox 593 2899 714 2950; x_wconf 76' lang='lat' dir='ltr'>novum</span> <span class='ocrx_word' id='word_1_244' title='bbox 733 2887 820 2951; x_wconf 68' lang='lat' dir='ltr'>istud</span> <span class='ocrx_word' id='word_1_245' title='bbox 841 2888 888 2951; x_wconf 68' lang='lat' dir='ltr'>in.</span> <span class='ocrx_word' id='word_1_246' title='bbox 944 2878 977 2939; x_wconf 93' lang='lat' dir='ltr'>in</span> <span class='ocrx_word' id='word_1_247' title='bbox 995 2877 1095 2940; x_wconf 83' lang='lat' dir='ltr'>fastis.</span> <span class='ocrx_word' id='word_1_248' title='bbox 1137 2879 1259 2942; x_wconf 84' lang='lat' dir='ltr'>Dicere</span> <span class='ocrx_word' id='word_1_249' title='bbox 1274 2899 1356 2963; x_wconf 79' lang='lat' dir='ltr'>ergo</span> <span class='ocrx_word' id='word_1_250' title='bbox 1373 2901 1544 2964; x_wconf 87' lang='lat' dir='ltr'>possumus</span> <span class='ocrx_word' id='word_1_251' title='bbox 1560 2906 1689 2950; x_wconf 87' lang='lat' dir='ltr'>morem</span> 
     </span>
     <span class='ocr_line' id='line_1_25' title="bbox 138 2978 1690 3067; baseline 0.011 -22"><span class='ocrx_word' id='word_1_252' title='bbox 138 2987 288 3048; x_wconf 89' lang='lat' dir='ltr'>stitutum</span> <span class='ocrx_word' id='word_1_253' title='bbox 311 2983 483 3052; x_wconf 74' lang='lat' dir='ltr'>observari</span> <span class='ocrx_word' id='word_1_254' title='bbox 503 2987 670 3067; x_wconf 85' lang='lat' dir='ltr'>uoluisse,</span> <span class='ocrx_word' id='word_1_255' title='bbox 692 2987 832 3054; x_wconf 83' lang='lat' dir='ltr'>diximus</span> <span class='ocrx_word' id='word_1_256' title='bbox 853 2990 887 3054; x_wconf 90' lang='lat' dir='ltr'>in</span> <span class='ocrx_word' id='word_1_257' title='bbox 945 2978 1216 3063; x_wconf 68' lang='lat' dir='ltr'>mulli³pl⁸⁰llum</span> <span class='ocrx_word' id='word_1_258' title='bbox 1234 2983 1495 3067; x_wconf 62' lang='lat' dir='ltr'>impersslorlbms</span> <span class='ocrx_word' id='word_1_259' title='bbox 1514 2985 1574 3050; x_wconf 68' lang='grc' dir='ltr'>8θᾶ</span> <span class='ocrx_word' id='word_1_260' title='bbox 1583 2989 1690 3052; x_wconf 69' lang='lat' dir='ltr'>minu·</span> 
     </span>
     <span class='ocr_line' id='line_1_26' title="bbox 137 3079 1734 3170; baseline -0.003 -22"><span class='ocrx_word' id='word_1_261' title='bbox 137 3087 209 3170; x_wconf 81' lang='lat' dir='ltr'>ejus</span> <span class='ocrx_word' id='word_1_262' title='bbox 228 3087 347 3150; x_wconf 73' lang='lat' dir='ltr'>nemis.</span> <span class='ocrx_word' id='word_1_263' title='bbox 945 3079 1106 3148; x_wconf 83' lang='lat' dir='ltr'>concinne</span> <span class='ocrx_word' id='word_1_264' title='bbox 1129 3084 1288 3167; x_wconf 78' lang='lat' dir='ltr'>regulam.</span> <span class='ocrx_word' id='word_1_265' title='bbox 1394 3085 1396 3090; x_wconf 80' lang='lat'>&#39;</span> <span class='ocrx_word' id='word_1_266' title='bbox 1447 3083 1452 3092; x_wconf 87' lang='lat'>&#39;</span> <span class='ocrx_word' id='word_1_267' title='bbox 1728 3079 1734 3086; x_wconf 75' lang='grc'><strong>’</strong></span> 
     </span>
     <span class='ocr_line' id='line_1_27' title="bbox 990 3183 1693 3270; baseline 0.02 -24"><span class='ocrx_word' id='word_1_268' title='bbox 990 3183 1143 3270; x_wconf 74' lang='lat' dir='ltr'>‚Factum</span> <span class='ocrx_word' id='word_1_269' title='bbox 1161 3188 1279 3260; x_wconf 84' lang='lat' dir='ltr'>stiam,</span> <span class='ocrx_word' id='word_1_270' title='bbox 1301 3199 1337 3248; x_wconf 89' lang='lat' dir='ltr'>nt</span> <span class='ocrx_word' id='word_1_271' title='bbox 1354 3185 1693 3270; x_wconf 74' lang='lat' dir='ltr'>imperatores-rariu-</span> 
     </span>
     <span class='ocr_line' id='line_1_28' title="bbox 463 3277 1793 3368; baseline 0.007 -16"><span class='ocrx_word' id='word_1_272' title='bbox 463 3291 493 3368; x_wconf 60' lang='grc' dir='ltr'>ᾗ.</span> <span class='ocrx_word' id='word_1_273' title='bbox 515 3293 571 3364; x_wconf 81' lang='lat' dir='ltr'>Vi.</span> <span class='ocrx_word' id='word_1_274' title='bbox 946 3281 1020 3350; x_wconf 84' lang='lat' dir='ltr'>rum</span> <span class='ocrx_word' id='word_1_275' title='bbox 1042 3288 1225 3352; x_wconf 87' lang='lat' dir='ltr'>solennium</span> <span class='ocrx_word' id='word_1_276' title='bbox 1245 3277 1567 3356; x_wconf 74' lang='lat' dir='ltr'>cauas&#39;eonsulstum</span> <span class='ocrx_word' id='word_1_277' title='bbox 1586 3318 1695 3362; x_wconf 90' lang='lat' dir='ltr'>sume·</span> <span class='ocrx_word' id='word_1_278' title='bbox 1784 3285 1793 3300; x_wconf 70' lang='grc'><strong>”</strong></span> 
     </span>
     <span class='ocr_line' id='line_1_29' title="bbox 946 3391 1691 3487; baseline 0.015 -35"><span class='ocrx_word' id='word_1_279' title='bbox 946 3403 1032 3453; x_wconf 86' lang='lat' dir='ltr'>rent.</span> <span class='ocrx_word' id='word_1_280' title='bbox 1075 3391 1128 3454; x_wconf 89' lang='lat' dir='ltr'>De</span> <span class='ocrx_word' id='word_1_281' title='bbox 1144 3392 1293 3475; x_wconf 80' lang='lat' dir='ltr'>Auguste</span> <span class='ocrx_word' id='word_1_282' title='bbox 1311 3392 1434 3456; x_wconf 87' lang='lat' dir='ltr'>diserte</span> <span class='ocrx_word' id='word_1_283' title='bbox 1451 3393 1627 3463; x_wconf 87' lang='lat' dir='ltr'>Suetonius</span> <span class='ocrx_word' id='word_1_284' title='bbox 1650 3397 1691 3487; x_wconf 59' lang='grc' dir='ltr'>ί),</span> 
     </span>
     <span class='ocr_line' id='line_1_30' title="bbox 206 3494 1695 3585; baseline 0.003 -27"><span class='ocrx_word' id='word_1_285' title='bbox 206 3494 317 3578; x_wconf 84' lang='lat' dir='ltr'>Supra</span> <span class='ocrx_word' id='word_1_286' title='bbox 342 3495 368 3574; x_wconf 82' lang='lat'>§.</span> <span class='ocrx_word' id='word_1_287' title='bbox 395 3496 436 3558; x_wconf 90' lang='lat'>11.</span> <span class='ocrx_word' id='word_1_288' title='bbox 466 3515 577 3560; x_wconf 78' lang='lat' dir='ltr'>causes</span> <span class='ocrx_word' id='word_1_289' title='bbox 604 3495 776 3562; x_wconf 80' lang='lat' dir='ltr'>nonnullus</span> <span class='ocrx_word' id='word_1_290' title='bbox 806 3497 893 3576; x_wconf 88' lang='lat' dir='ltr'>dedi,</span> <span class='ocrx_word' id='word_1_291' title='bbox 950 3494 1085 3576; x_wconf 87' lang='lat' dir='ltr'>petiisse</span> <span class='ocrx_word' id='word_1_292' title='bbox 1100 3513 1175 3556; x_wconf 88' lang='lat' dir='ltr'>eum</span> <span class='ocrx_word' id='word_1_293' title='bbox 1192 3495 1393 3559; x_wconf 84' lang='lat' dir='ltr'>consulatum</span> <span class='ocrx_word' id='word_1_294' title='bbox 1413 3495 1503 3561; x_wconf 82' lang='lat' dir='ltr'>xus.</span> <span class='ocrx_word' id='word_1_295' title='bbox 1517 3511 1550 3560; x_wconf 92' lang='lat' dir='ltr'>et</span> <span class='ocrx_word' id='word_1_296' title='bbox 1566 3517 1695 3585; x_wconf 56' lang='lat' dir='ltr'>postne,</span> 
     </span>
     <span class='ocr_line' id='line_1_31' title="bbox 143 3594 1734 3682; baseline 0.008 -24"><span class='ocrx_word' id='word_1_297' title='bbox 143 3617 227 3682; x_wconf 79' lang='lat' dir='ltr'>quae</span> <span class='ocrx_word' id='word_1_298' title='bbox 257 3598 479 3682; x_wconf 84' lang='lat' dir='ltr'>imperatores</span> <span class='ocrx_word' id='word_1_299' title='bbox 514 3597 554 3662; x_wconf 88' lang='lat' dir='ltr'>sd</span> <span class='ocrx_word' id='word_1_300' title='bbox 589 3599 792 3664; x_wconf 88' lang='lat' dir='ltr'>consulatum</span> <span class='ocrx_word' id='word_1_301' title='bbox 822 3601 892 3666; x_wconf 79' lang='lat' dir='ltr'>sive</span> <span class='ocrx_word' id='word_1_302' title='bbox 949 3615 1058 3672; x_wconf 89' lang='lat' dir='ltr'>mum,</span> <span class='ocrx_word' id='word_1_303' title='bbox 1088 3607 1123 3658; x_wconf 91' lang='lat' dir='ltr'>ut</span> <span class='ocrx_word' id='word_1_304' title='bbox 1146 3594 1259 3679; x_wconf 85' lang='lat' dir='ltr'>Cajum</span> <span class='ocrx_word' id='word_1_305' title='bbox 1282 3610 1316 3659; x_wconf 88' lang='lat' dir='ltr'>et</span> <span class='ocrx_word' id='word_1_306' title='bbox 1343 3596 1481 3664; x_wconf 86' lang='lat' dir='ltr'>Lucium</span> <span class='ocrx_word' id='word_1_307' title='bbox 1506 3598 1593 3666; x_wconf 86' lang='lat' dir='ltr'>filios</span> <span class='ocrx_word' id='word_1_308' title='bbox 1628 3625 1694 3668; x_wconf 85' lang='lat' dir='ltr'>am·</span> <span class='ocrx_word' id='word_1_309' title='bbox 1728 3657 1734 3670; x_wconf 94' lang='lat'>.</span> 
     </span>
     <span class='ocr_line' id='line_1_32' title="bbox 143 3698 1695 3790; baseline -0.001 -30"><span class='ocrx_word' id='word_1_310' title='bbox 143 3701 409 3786; x_wconf 76' lang='lat' dir='ltr'>suscipiendum,</span> <span class='ocrx_word' id='word_1_311' title='bbox 433 3701 509 3764; x_wconf 82' lang='lat' dir='ltr'>sire</span> <span class='ocrx_word' id='word_1_312' title='bbox 539 3700 810 3786; x_wconf 77' lang='lat' dir='ltr'>frequentandum</span> <span class='ocrx_word' id='word_1_313' title='bbox 839 3723 894 3786; x_wconf 76' lang='lat' dir='ltr'>ge·</span> <span class='ocrx_word' id='word_1_314' title='bbox 946 3698 1097 3781; x_wconf 84' lang='lat' dir='ltr'>plissimu</span> <span class='ocrx_word' id='word_1_315' title='bbox 1115 3699 1282 3780; x_wconf 86' lang='lat' dir='ltr'>preeditus</span> <span class='ocrx_word' id='word_1_316' title='bbox 1299 3699 1489 3780; x_wconf 76' lang='lat' dir='ltr'>magistratu</span> <span class='ocrx_word' id='word_1_317' title='bbox 1510 3716 1695 3790; x_wconf 75' lang='lat' dir='ltr'>sueqnems</span> 
     </span>
     <span class='ocr_line' id='line_1_33' title="bbox 144 3799 1696 3886; baseline 0.003 -18"><span class='ocrx_word' id='word_1_318' title='bbox 144 3805 285 3868; x_wconf 83' lang='lat' dir='ltr'>nerstim</span> <span class='ocrx_word' id='word_1_319' title='bbox 325 3803 500 3886; x_wconf 82' lang='lat' dir='ltr'>impulere.</span> <span class='ocrx_word' id='word_1_320' title='bbox 551 3806 596 3868; x_wconf 74' lang='lat' dir='ltr'>Aa</span> <span class='ocrx_word' id='word_1_321' title='bbox 628 3825 716 3868; x_wconf 87' lang='lat' dir='ltr'>nune</span> <span class='ocrx_word' id='word_1_322' title='bbox 751 3807 893 3868; x_wconf 88' lang='lat' dir='ltr'>curatius</span> <span class='ocrx_word' id='word_1_323' title='bbox 951 3819 1015 3882; x_wconf 86' lang='lat' dir='ltr'>que</span> <span class='ocrx_word' id='word_1_324' title='bbox 1033 3800 1194 3881; x_wconf 80' lang='lat' dir='ltr'>tyrocinio</span> <span class='ocrx_word' id='word_1_325' title='bbox 1209 3799 1389 3864; x_wconf 86' lang='lat' dir='ltr'>deduceret</span> <span class='ocrx_word' id='word_1_326' title='bbox 1413 3801 1446 3862; x_wconf 93' lang='lat' dir='ltr'>in</span> <span class='ocrx_word' id='word_1_327' title='bbox 1469 3801 1589 3868; x_wconf 85' lang='lat' dir='ltr'>lorum.</span> <span class='ocrx_word' id='word_1_328' title='bbox 1633 3812 1696 3872; x_wconf 84' lang='lat' dir='ltr'>Im·</span> 
     </span>
     <span class='ocr_line' id='line_1_34' title="bbox 145 3896 1695 3994; baseline 0.004 -26"><span class='ocrx_word' id='word_1_329' title='bbox 145 3905 399 3989; x_wconf 75' lang='lat' dir='ltr'>explicandum,</span> <span class='ocrx_word' id='word_1_330' title='bbox 427 3925 510 3990; x_wconf 85' lang='lat' dir='ltr'>quae</span> <span class='ocrx_word' id='word_1_331' title='bbox 535 3905 811 3982; x_wconf 81' lang='lat' dir='ltr'>fuerint‘csusse,</span> <span class='ocrx_word' id='word_1_332' title='bbox 834 3925 894 3968; x_wconf 88' lang='lat' dir='ltr'>cur</span> <span class='ocrx_word' id='word_1_333' title='bbox 950 3915 1121 3986; x_wconf 85' lang='lat' dir='ltr'>perstares</span> <span class='ocrx_word' id='word_1_334' title='bbox 1147 3900 1249 3962; x_wconf 87' lang='lat' dir='ltr'>iniimi</span> <span class='ocrx_word' id='word_1_335' title='bbox 1273 3903 1365 3982; x_wconf 85' lang='lat' dir='ltr'>aeri,</span> <span class='ocrx_word' id='word_1_336' title='bbox 1396 3896 1510 3966; x_wconf 82' lang='lat' dir='ltr'>saltem</span> <span class='ocrx_word' id='word_1_337' title='bbox 1535 3926 1610 3985; x_wconf 88' lang='lat' dir='ltr'>eos,</span> <span class='ocrx_word' id='word_1_338' title='bbox 1639 3913 1695 3994; x_wconf 87' lang='lat' dir='ltr'>qui</span> 
     </span>
     <span class='ocr_line' id='line_1_35' title="bbox 146 4001 1696 4094; baseline -0.001 -22"><span class='ocrx_word' id='word_1_339' title='bbox 146 4029 261 4072; x_wconf 86' lang='lat' dir='ltr'>eorum</span> <span class='ocrx_word' id='word_1_340' title='bbox 290 4007 402 4072; x_wconf 85' lang='lat' dir='ltr'>multis</span> <span class='ocrx_word' id='word_1_341' title='bbox 430 4009 607 4090; x_wconf 83' lang='lat' dir='ltr'>placuerit,</span> <span class='ocrx_word' id='word_1_342' title='bbox 640 4023 732 4071; x_wconf 87' lang='lat' dir='ltr'>certo</span> <span class='ocrx_word' id='word_1_343' title='bbox 753 4007 893 4094; x_wconf 88' lang='lat' dir='ltr'>quadarn</span> <span class='ocrx_word' id='word_1_344' title='bbox 953 4001 1099 4066; x_wconf 86' lang='lat' dir='ltr'>Orientis</span> <span class='ocrx_word' id='word_1_345' title='bbox 1124 4005 1275 4066; x_wconf 86' lang='lat' dir='ltr'>eonsules</span> <span class='ocrx_word' id='word_1_346' title='bbox 1301 4003 1379 4068; x_wconf 88' lang='lat' dir='ltr'>dieti</span> <span class='ocrx_word' id='word_1_347' title='bbox 1403 4005 1517 4082; x_wconf 85' lang='lat' dir='ltr'>suere,</span> <span class='ocrx_word' id='word_1_348' title='bbox 1545 4011 1589 4070; x_wconf 86' lang='lat' dir='ltr'>sit</span> <span class='ocrx_word' id='word_1_349' title='bbox 1608 4011 1696 4077; x_wconf 75' lang='lat' dir='ltr'>&#39;Phe-</span> 
     </span>
     <span class='ocr_line' id='line_1_36' title="bbox 147 4105 1694 4195; baseline 0.003 -25"><span class='ocrx_word' id='word_1_350' title='bbox 147 4131 230 4172; x_wconf 86' lang='lat' dir='ltr'>anno</span> <span class='ocrx_word' id='word_1_351' title='bbox 244 4111 418 4192; x_wconf 77' lang='lat' dir='ltr'>suscipere</span> <span class='ocrx_word' id='word_1_352' title='bbox 432 4110 647 4173; x_wconf 85' lang='lat' dir='ltr'>consulatum.</span> <span class='ocrx_word' id='word_1_353' title='bbox 691 4111 894 4195; x_wconf 71' lang='lat' dir='ltr'>lates-regu·</span> <span class='ocrx_word' id='word_1_354' title='bbox 952 4106 1095 4182; x_wconf 79' lang='lat' dir='ltr'>mistiae,</span> <span class='ocrx_word' id='word_1_355' title='bbox 1127 4105 1213 4168; x_wconf 88' lang='lat' dir='ltr'>istud</span> <span class='ocrx_word' id='word_1_356' title='bbox 1238 4105 1301 4167; x_wconf 89' lang='lat' dir='ltr'>sibi</span> <span class='ocrx_word' id='word_1_357' title='bbox 1327 4125 1460 4186; x_wconf 83' lang='lat' dir='ltr'>semper</span> <span class='ocrx_word' id='word_1_358' title='bbox 1485 4106 1694 4176; x_wconf 81' lang='lat' dir='ltr'>devitandum</span> 
     </span>
     <span class='ocr_line' id='line_1_37' title="bbox 148 4206 1695 4297; baseline 0.004 -25"><span class='ocrx_word' id='word_1_359' title='bbox 148 4213 194 4276; x_wconf 83' lang='lat' dir='ltr'>las</span> <span class='ocrx_word' id='word_1_360' title='bbox 211 4212 382 4296; x_wconf 82' lang='lat' dir='ltr'>laypstiess</span> <span class='ocrx_word' id='word_1_361' title='bbox 408 4234 427 4276; x_wconf 89' lang='lat' dir='ltr'>a</span> <span class='ocrx_word' id='word_1_362' title='bbox 451 4209 555 4292; x_wconf 77' lang='lat' dir='ltr'>Pugio</span> <span class='ocrx_word' id='word_1_363' title='bbox 578 4211 767 4276; x_wconf 81' lang='lat' dir='ltr'>constitutas</span> <span class='ocrx_word' id='word_1_364' title='bbox 789 4216 895 4297; x_wconf 88' lang='lat' dir='ltr'>prima</span> <span class='ocrx_word' id='word_1_365' title='bbox 952 4208 1172 4283; x_wconf 85' lang='lat' dir='ltr'>existimasse,</span> <span class='ocrx_word' id='word_1_366' title='bbox 1194 4221 1272 4270; x_wconf 88' lang='lat' dir='ltr'>utne</span> <span class='ocrx_word' id='word_1_367' title='bbox 1291 4206 1541 4292; x_wconf 83' lang='lat' dir='ltr'>quinquennali,</span> <span class='ocrx_word' id='word_1_368' title='bbox 1563 4224 1618 4273; x_wconf 89' lang='lat' dir='ltr'>aut</span> <span class='ocrx_word' id='word_1_369' title='bbox 1639 4213 1695 4278; x_wconf 88' lang='lat' dir='ltr'>de·</span> 
     </span>
     <span class='ocr_line' id='line_1_38' title="bbox 149 4303 1757 4400; baseline 0.004 -26"><span class='ocrx_word' id='word_1_370' title='bbox 149 4325 216 4390; x_wconf 86' lang='lat' dir='ltr'>est,</span> <span class='ocrx_word' id='word_1_371' title='bbox 236 4313 409 4399; x_wconf 83' lang='lat' dir='ltr'>principes</span> <span class='ocrx_word' id='word_1_372' title='bbox 424 4313 584 4397; x_wconf 84' lang='lat' dir='ltr'>proximis</span> <span class='ocrx_word' id='word_1_373' title='bbox 600 4329 677 4400; x_wconf 89' lang='lat' dir='ltr'>post</span> <span class='ocrx_word' id='word_1_374' title='bbox 700 4315 821 4380; x_wconf 83' lang='lat' dir='ltr'>aditum</span> <span class='ocrx_word' id='word_1_375' title='bbox 837 4317 895 4379; x_wconf 86' lang='lat' dir='ltr'>im·</span> <span class='ocrx_word' id='word_1_376' title='bbox 952 4310 1081 4376; x_wconf 88' lang='lat' dir='ltr'>eennali</span> <span class='ocrx_word' id='word_1_377' title='bbox 1098 4321 1248 4377; x_wconf 81' lang='lat' dir='ltr'>vertente</span> <span class='ocrx_word' id='word_1_378' title='bbox 1261 4307 1426 4373; x_wconf 86' lang='lat' dir='ltr'>curriculo</span> <span class='ocrx_word' id='word_1_379' title='bbox 1442 4303 1517 4374; x_wconf 84' lang='lat' dir='ltr'>eum</span> <span class='ocrx_word' id='word_1_380' title='bbox 1527 4314 1695 4397; x_wconf 77' lang='lat' dir='ltr'>magistra·</span> <span class='ocrx_word' id='word_1_381' title='bbox 1752 4377 1757 4386; x_wconf 84' lang='grc'><strong>,</strong></span> 
     </span>
    </p>
   </div>
   <div class='ocr_carea' id='block_1_3' title="bbox 148 4655 1729 4902">
    <p class='ocr_par' dir='ltr' id='par_1_3' title="bbox 148 4655 1729 4902">
     <span class='ocr_line' id='line_1_39' title="bbox 186 4655 1729 4740; baseline -0.004 -20"><span class='ocrx_word' id='word_1_382' title='bbox 186 4656 429 4732; x_wconf 62' lang='grc' dir='ltr'>ε)ΒίοΙι.ΙιΧ.</span> <span class='ocrx_word' id='word_1_383' title='bbox 448 4661 515 4730; x_wconf 64' lang='grc' dir='ltr'>Μ.</span> <span class='ocrx_word' id='word_1_384' title='bbox 579 4656 624 4723; x_wconf 82' lang='lat' dir='ltr'>-bl</span> <span class='ocrx_word' id='word_1_385' title='bbox 643 4655 729 4716; x_wconf 84' lang='lat' dir='ltr'>Philo</span> <span class='ocrx_word' id='word_1_386' title='bbox 748 4655 814 4719; x_wconf 79' lang='lat' dir='ltr'>ade.</span> <span class='ocrx_word' id='word_1_387' title='bbox 834 4657 931 4717; x_wconf 85' lang='lat' dir='ltr'>Flace.</span> <span class='ocrx_word' id='word_1_388' title='bbox 954 4675 984 4733; x_wconf 89' lang='lat' dir='ltr'>p.</span> <span class='ocrx_word' id='word_1_389' title='bbox 998 4675 1037 4714; x_wconf 87' lang='lat' dir='ltr'>su.</span> <span class='ocrx_word' id='word_1_390' title='bbox 1054 4665 1117 4722; x_wconf 76' lang='lat'>5²3·</span> <span class='ocrx_word' id='word_1_391' title='bbox 1199 4658 1229 4730; x_wconf 82' lang='lat' dir='ltr'>c)</span> <span class='ocrx_word' id='word_1_392' title='bbox 1248 4655 1401 4719; x_wconf 70' lang='lat' dir='ltr'>LXLVI.</span> <span class='ocrx_word' id='word_1_393' title='bbox 1423 4659 1513 4732; x_wconf 70' lang='grc' dir='ltr'>Μσ.</span> <span class='ocrx_word' id='word_1_394' title='bbox 1595 4663 1629 4740; x_wconf 80' lang='lat' dir='ltr'>d)</span> <span class='ocrx_word' id='word_1_395' title='bbox 1649 4665 1729 4726; x_wconf 52' lang='lat' dir='ltr'>Pas</span> 
     </span>
     <span class='ocr_line' id='line_1_40' title="bbox 148 4743 1496 4902; baseline 0.004 -99"><span class='ocrx_word' id='word_1_396' title='bbox 148 4759 322 4825; x_wconf 54' lang='lat' dir='ltr'>nepem.</span> <span class='ocrx_word' id='word_1_397' title='bbox 397 4746 429 4818; x_wconf 88' lang='lat' dir='ltr'>e)</span> <span class='ocrx_word' id='word_1_398' title='bbox 447 4743 470 4850; x_wconf 64' lang='lat' dir='ltr'>l,</span> <span class='ocrx_word' id='word_1_399' title='bbox 490 4765 583 4840; x_wconf 80' lang='lat' dir='ltr'>saepe</span> <span class='ocrx_word' id='word_1_400' title='bbox 597 4767 622 4807; x_wconf 91' lang='lat' dir='ltr'>c.</span> <span class='ocrx_word' id='word_1_401' title='bbox 641 4767 673 4827; x_wconf 89' lang='lat' dir='ltr'>p.</span> <span class='ocrx_word' id='word_1_402' title='bbox 695 4754 756 4814; x_wconf 80' lang='lat'>131.</span> <span class='ocrx_word' id='word_1_403' title='bbox 829 4748 1002 4824; x_wconf 59' lang='lat' dir='ltr'>Desiste</span> <span class='ocrx_word' id='word_1_404' title='bbox 1390 4839 1496 4902; x_wconf 60' lang='grc' dir='ltr'>ΤΗ</span> 
     </span>
    </p>
   </div>
   <div class='ocr_carea' id='block_1_4' title="bbox 0 0 2140 5476">
    <p class='ocr_par' dir='ltr' id='par_1_4' title="bbox 0 0 2140 5476">
     <span class='ocr_line' id='line_1_41' title="bbox 0 0 2140 5476; baseline 0 0"><span class='ocrx_word' id='word_1_405' title='bbox 0 0 2140 5476; x_wconf 95' lang='lat' dir='ltr'> </span> 
     </span>
    </p>
   </div>
  </div>
 </body>
</html>
