4226 5500
386 509 391 528 ·
420 597 477 644 xn
890 571 1148 694 Noututa
1171 565 1497 642 utumtatttt

419 761 494 818 ster
526 742 690 818 consiliis
719 739 828 814 liberi
853 739 1009 814 Batonis
1025 739 1073 814 de
1099 736 1307 827 Locclle,
1332 735 1440 813 amici
1458 734 1536 822 sui,
1562 733 1668 834 cujus
1697 732 1795 810 inira
1818 733 1959 806 menno

419 877 590 954 facienda
613 879 704 966 crit,
730 897 819 946 usus
845 893 914 948 est.

466 1007 470 1018 ’
517 1011 685 1086 Tandem
703 1003 1330 1105 ubAu.1202usqueadAu.1798,
1357 1004 1396 1076 in
1414 1003 1533 1080 lucem
1551 1003 1650 1078 edita
1669 1020 1726 1077 est
1744 1017 1831 1078 octo
1852 1003 1970 1075 volu--
2096 1061 2097 1070 ,

417 1147 576 1222 minibus
593 1145 860 1244 comprehensa
875 1143 1095 1216 Doctrina
1112 1167 1338 1217 numerum
1359 1141 1393 1238 ει)
1404 1192 1415 1228 ,
1441 1165 1514 1238 qua
1530 1137 1725 1214 condenda
1748 1154 1878 1212 auctor
1890 1165 1961 1210 no-

415 1299 511 1370 ster,
532 1299 573 1356 ut
590 1305 700 1378 supra
720 1279 911 1352 retulimus
923 1329 934 1366 ,
960 1281 1032 1376 jam
1051 1275 1217 1372 pluribus
1238 1275 1373 1352 abhinc
1390 1275 1496 1348 annis
1519 1293 1722 1372 occupatus
1746 1272 1880 1346 fuerat
1915 1276 1960 1344 ln

414 1417 535 1490 nuruis
550 1413 753 1502 anecdotis,
771 1439 882 1512 porro
902 1413 940 1482 in
959 1411 1102 1512 sylloge
1114 1427 1151 1482 et
1172 1411 1209 1482 in
1222 1411 1393 1510 catalogo
1404 1407 1504 1482 edito
1516 1407 1658 1482 Echbcl
1669 1426 1830 1509 systema
1849 1434 1958 1482 suum

415 1551 563 1653 quidem
575 1550 648 1647 jem
671 1549 898 1636 exhibuerat,
919 1563 975 1620 ast
996 1544 1161 1618 nondum
1175 1570 1321 1618 omnem
1342 1572 1419 1622 rem
1433 1545 1632 1620 numeriam
1646 1543 1693 1619 ad
1712 1543 1784 1618 boc
1797 1560 1961 1646 systema

412 1685 630 1788 redegerat,
662 1681 764 1783 quod
785 1707 879 1782 opus
904 1680 1064 1780 ingentis
1087 1677 1158 1752 luit
1181 1678 1330 1754 laboris.
1359 1681 1577 1782 Complures
1599 1679 1751 1780 quidem
1768 1677 1960 1754 Archaeo-

413 1819 489 1920 legi
508 1839 617 1898 autea
638 1821 714 1920 jam
732 1817 779 1892 de
803 1816 1000 1892 condenda
1019 1815 1173 1888 historia
1195 1813 1360 1912 generali
1374 1841 1568 1888 numerum
1590 1815 1864 1912 cogitaverant,
1890 1811 1960 1884 sed

413 1958 468 2032 rei
495 1955 715 2032 difficultate
742 1951 926 2028 absterriti
949 1949 1030 2024 sero
1056 1975 1078 2022 a
1104 1949 1180 2024 suis
1203 1949 1367 2024 consiliis
1391 1949 1617 2024 destiterant.
1655 1947 1831 2022 Rascbe
1851 1946 1955 2020 solus
2097 1957 2098 1996 l

412 2117 490 2168 rem
515 2089 562 2166 ed
581 2089 693 2163 finem
714 2085 883 2186 perduxit
891 2113 903 2180 3
929 2109 1054 2158 verum
1074 2083 1156 2184 ejus
1182 2107 1277 2184 opus
1289 2133 1302 2174 ,
1332 2083 1574 2184 infatigabilis
1597 2083 1800 2183 patientiae
1830 2083 1966 2180 magis,

413 2251 522 2323 quem
542 2221 746 2296 solertioris
765 2218 966 2292 industriae
992 2235 1289 2307 monumentum,
1315 2215 1469 2291 formam
1495 2217 1603 2292 lexici
1625 2217 1763 2308 habet,
1788 2215 1962 2316 adeoque

411 2357 503 2430 nihil
528 2357 675 2432 confert
707 2353 755 2428 ad
785 2369 982 2453 praecepta
1013 2351 1192 2428 scientiae
1218 2351 1499 2428 numismaticae
1526 2353 1721 2428 statuenda
1730 2378 1744 2448 3
1767 2367 1961 2451 praeterea

411 2490 598 2564 erroribus
621 2506 659 2564 et
681 2487 784 2562 tricis
804 2487 983 2560 refertum
1006 2501 1075 2558 est.

508 2627 602 2700 Cum
620 2621 878 2723 philosophica
897 2619 1043 2694 indoles
1064 2619 1195 2695 eadem
1210 2620 1353 2696 ratione
1374 2621 1571 2721 procedet,
1597 2623 1818 2723 cuicumque
1837 2623 1958 2698 scien·

411 2760 485 2834 tiae
504 2757 739 2847 adhibeatur,
764 2755 906 2830 Ecltbel
926 2773 1053 2830 noster
1078 2754 1209 2852 eodem
1235 2755 1365 2846 modo,
1391 2783 1468 2856 quo
1483 2759 1646 2832 Linneus
1667 2775 1828 2859 systema
1846 2775 1957 2832 natu·

409 2920 494 2984 rec,
520 2890 687 2968 condidit
709 2891 882 2992 generale
905 2916 1010 2966 suum
1033 2915 1228 2964 nemorum
1253 2907 1432 2991 systema,
1459 2893 1565 2992 cujus
1586 2891 1762 2992 analysim
1786 2893 1960 2994 superius
2098 2883 2099 2936 t

406 3029 481 3128 jam
501 3028 743 3134 exposuimus.
770 3029 915 3126 Nempe
933 3025 973 3098 in
993 3026 1113 3124 capite
1130 3024 1254 3124 operis
1273 3019 1588 3125 singulariumque
1604 3027 1774 3102 classium
1800 3028 1957 3128 praemi-

410 3163 458 3234 sit
482 3161 757 3262 propositiones
782 3159 1032 3247 universnlet,
1058 3185 1155 3258 qnae
1183 3160 1331 3258 regulas
1359 3159 1602 3260 principales,
1627 3163 1955 3250 nomenclaturam,

410 3295 753 3374 determinationem
773 3294 1024 3370 characterum
1045 3294 1320 3392 primariorum,
1344 3293 1568 3373 literaturam
1590 3315 1629 3370 ct
1648 3299 1812 3372 criticam
1834 3297 1955 3374 seien-

409 3431 483 3507 riee
512 3429 787 3506 numismaticee
808 3415 1125 3546 complectuntur,
1151 3453 1194 3506 tc
1216 3429 1487 3526 quodammodo
1510 3403 1743 3532 philosophia
1763 3433 1960 3506 numisma·

411 3569 485 3640 tica
506 3565 684 3666 appellari
704 3581 817 3664 etque
837 3561 1094 3664 philosophiae
1119 3561 1315 3638 botanicee
1336 3565 1472 3641 Liunei
1494 3567 1697 3666 comparari
1716 3583 1882 3668 possunt.

506 3697 647 3774 Eclthel
668 3699 706 3770 in
725 3715 886 3796 systema
908 3721 1015 3770 suum
1036 3723 1113 3770 nou
1137 3697 1330 3774 uniuersos
1345 3725 1496 3788 numos,
1522 3719 1707 3800 quotquot
1726 3727 1852 3774 eorum
1873 3703 1956 3774 noti

410 3833 505 3922 sint,
532 3833 598 3908 sed
620 3858 685 3906 eos
704 3849 865 3918 tantum,
891 3831 955 3930 qui
978 3832 1100 3906 notari
1119 3851 1354 3922 mereantur,
1375 3835 1529 3936 recepit
1555 3835 1670 3910 Simul
1692 3835 1850 3909 indicem
1862 3860 1956 3936 ope·

411 3995 489 4042 rum
512 3967 648 4071 adjecit
660 3967 734 4070 ,in
757 3965 892 4064 quibus
909 3965 1044 4064 singuli
1068 3967 1171 4039 numi
1191 3967 1328 4072 optime
1353 3971 1621 4067 repraesentati
1643 3987 1682 4044 et
1700 3971 1876 4072 descripti
1896 3996 1955 4044 re·

410 4103 604 4201 periuntur
614 4132 625 4194 3
651 4101 740 4202 ipsis
762 4127 851 4174 vero
875 4099 1186 4200 descriptionibus
1203 4103 1279 4177 suis
1296 4102 1395 4178 bend
1414 4131 1499 4178 raro
1515 4105 1725 4180 uberiorem
1739 4104 1955 4206 explicatio·

407 4236 695 4344 'nemadneuuin
721 4235 779 4310 vel
797 4235 1046 4338 geographiae
1066 4253 1104 4310 et
1123 4235 1398 4338 chronologiae,
1421 4241 1481 4313 vel
1495 4241 1744 4342 mythologice
1762 4241 1953 4315 historiae·

414 4395 500 4470 que,
521 4371 637 4444 literis
655 4387 693 4444 et
709 4370 848 4446 artibus
868 4395 962 4444 nova
980 4371 1120 4446 lumine
1135 4373 1375 4448 adferentem.
1396 4377 1698 4476 Unumquodque
1711 4394 1797 4452 octo
1816 4377 1950 4450 doctri·

411 4663 482 4737 ope
505 4638 739 4740 hrenigetio
758 4643 991 4724 materiarum,
1010 4669 1235 4746 magnopere
1252 4643 1460 4720 facilitatnr.

447 4940 477 5012 s)
498 4938 637 4998 Doctrina
653 4961 807 5001 numerum
823 4955 963 5002 veterum.
983 4944 1179 5006 vindobonae
1196 4959 1394 5030 itm-tto&
1414 4950 1531 5011 votum.
1544 4949 1624 5014 Vnt.
1635 4919 1669 5012 iu'
1677 4959 1731 5018 gu,

1368 5253 1374 5293 l
