4236 5480
406 472 491 550 sn.
1051 453 1347 528 cnrvrnr.

419 643 540 723 justum
560 633 821 719 experimentum
838 632 900 698 luit
916 633 1081 698 collatum.
1111 633 1167 696 Ait
1223 636 1372 724 Appiano
1409 635 1493 700 hanc
1530 634 1666 700 curioni
1700 637 1875 702 vanitatem
1915 660 1970 705 sx-

355 783 363 798 ·
421 743 590 806 Diodorus
614 737 805 820 Siculus·),
835 757 964 802 morem
985 735 1086 799 inisse
1109 736 1167 798 nsi·
1224 739 1460 826 probranten).
1502 737 1554 800 De
1573 737 1613 800 L.
1637 739 1758 803 Pisone
1782 741 1901 805 Cicero
1916 739 1968 826 lt):

420 844 533 908 litibus
554 839 727 928 Romania,
759 853 810 915 ut,
840 840 868 902 si
899 839 970 924 quit
1002 838 1166 900 exercitu·
1224 847 1405 924 appellatas
1427 843 1544 903 estiis
1561 845 1719 904 vulturius
1737 847 1829 906 illius
1840 849 1971 926 praviss-

421 947 486 1010 ‹lux
510 941 637 1010 collatis
659 939 760 1023 signis
782 961 878 1024 snpra
904 962 965 1028 sen
986 939 1087 1004 millis
1110 940 1168 1002 lto·
1223 949 1312 1021 ciac,
1335 940 1580 1025 (Macedoniae)
1602 945 1633 1004 ss'
1647 947 1713 1004 diis
1726 948 1850 1024 piacet,
1874 935 1987 1026 tmps'

421 1037 738 1120 stium'ceoirlisset,
777 1043 957 1125 imperator
987 1043 1169 1128 appellare·¹
1225 1053 1323 1107 rator.
1354 1043 1974 1109 Nimirum-inhunclronoremlicen·

337 1219 338 1224 ἵ
419 1165 483 1213 ιιι.
528 1149 692 1230 Appianas
713 1165 842 1228 quoqne
861 1145 946 1207 hunc
969 1141 1047 1207 clim
1065 1146 1168 1208 hono·
1224 1144 1288 1206 tius
1312 1155 1364 1206 est
1387 1143 1583 1220 involutum,
1607 1147 1680 1230 quia
1702 1145 1827 1209 avidius
1854 1147 1973 1210 imbiri

420 1273 491 1314 rem
511 1249 639 1310 nonnisi
655 1261 728 1330 post
744 1246 1020 1328 praeclirissimas
1040 1267 1094 1310 res
1112 1267 1169 1332 ge·
1225 1247 1351 1331 coepit,
1381 1247 1451 1310 sivi
1476 1249 1622 1313 vanitatis
1646 1247 1807 1331 impulsu,
1838 1249 1910 1312 sive
1937 1262 1973 1312 nt

419 1367 484 1416 stas
509 1351 609 1414 inisse
636 1351 846 1432 impetratum
872 1363 980 1410 narrat
1004 1348 1056 1430 lt),
1089 1351 1167 1436 quin
1210 1347 1298 1434 ¹plns
1327 1347 1360 1410 in
1385 1349 1499 1410 castris
1524 1349 1724 1413 auctoritatis
1746 1349 1808 1410 sibi
1834 1347 1971 1412 acceie-

420 1469 455 1518 et
475 1452 579 1528 addit,
602 1453 695 1514 illum
715 1464 820 1514 aetate
841 1470 897 1512 sua
914 1451 1044 1514 nonnisi
1062 1453 1166 1516 caesis
1223 1463 1288 1516 ret.
1332 1453 1478 1514 Auctore
1512 1451 1621 1514 Dione
1646 1448 1672 1532 i)
1699 1452 1745 1516 M.
1777 1451 1902 1514 Brutus
1937 1451 1969 1512 in

420 1557 536 1620 decem
564 1555 708 1616 hostium
737 1552 881 1614 millibus
909 1551 1009 1614 tribui
1032 1573 1168 1616 consuc-
1224 1551 1368 1614 Thracas
1387 1553 1507 1615 Bessos
1523 1553 1692 1638 proiectus
1708 1565 1776 1628 est,
1794 1554 1831 1614 'ut
1847 1571 1970 1614 nomen

419 1660 525 1732 visse,
547 1656 606 1718 sed
625 1655 712 1738 quod
731 1654 952 1716 testimonium
971 1656 1054 1718 inira
1072 1675 1168 1718 reso·
1223 1653 1285 1714 sibi
1309 1653 1566 1738 dignitatemque
1593 1645 1802 1736 imperatoris
1826 1667 1969 1738 pararet,

422 1761 576 1822 cabimus.
619 1759 763 1830 Verum,
803 1768 838 1816 ut
876 1755 930 1832 lit,
970 1768 1056 1818 tanta
1096 1755 1165 1818 laus
1224 1773 1288 1838 quo
1318 1753 1445 1818 facilius
1474 1769 1588 1818 contra
1610 1756 1783 1820 Caesarem
1812 1770 1848 1819 et
1869 1749 1969 1819 Autu-

420 1883 573 1926 successn
590 1859 748 1943 temporis
766 1857 874 1939 eoepit
890 1856 1064 1922 silescere.
1086 1856 1166 1939 Ejus
1218 1857 1312 1940 ‘nium
1335 1855 1459 1920 bellum
1483 1877 1604 1940 gerere
1626 1869 1746 1940 posset.
1769 1861 1807 1918 ln
1825 1855 1970 1923 ¹earstlem

420 1966 515 2028 testis
538 1961 685 2046 locuples
709 1959 853 2032 Tullius,
876 1961 930 2043 qui
957 1959 1070 2020 rolens
1092 1977 1166 2044 per·
1224 1960 1294 2040 ejus
1313 1958 1399 2022 tituli
1415 1961 1677 2022 communionem
1695 1959 1735 2022 ab
1753 1961 1905 2023 exercitu
1921 1983 1972 2025 re·

420 2063 729 2138 suadere-senatui,
769 2074 804 2122 nt
829 2059 1060 2136 Octavianum,
1091 2059 1167 2121 Hir·
1224 2073 1355 2143 coptum
1386 2061 1532 2124 Cassium
1565 2075 1675 2124 narrat
1704 2059 1902 2124 Plutarchus
1926 2061 1971 2144 ¹¹).

421 2171 518 2240 tium,
550 2179 583 2227 et
603 2167 741 2228 Pansam
763 2163 980 2244 imperatores
1002 2150 1167 2246 appellan-
1224 2163 1277 2224 De
1314 2161 1451 2224 Metello
1487 2161 1640 2246 Scipione
1677 2163 1796 2226 Caesar
1819 2157 1863 2244 ι)ι
1909 2169 1971 2226 His

420 2269 480 2330 sios
508 2266 720 2340 decerneret,
752 2264 839 2347 quod
858 2263 1060 2346 praeclaram
1081 2261 1166 2345 apud
1223 2268 1415 2343 temporibus
1427 2267 1539 2343 Scipio
1560 2269 1757 2329 detrimentis
1779 2269 1970 2350 quibusdam

419 2369 577 2430 Mutinam
603 2366 644 2427 sle
671 2368 715 2426 M.
742 2367 886 2426 Antonio
918 2364 1087 2438 victoriam
1116 2384 1167 2426 re·
1222 2369 1311 2428 circa
1325 2369 1630 2428 montemAmanum
1642 2371 1779 2448 acceptis
1790 2387 1861 2428 sese
1876 2372 1971 2446 impc-

420 2471 590 2542 tulissent,
609 2469 668 2528 hac
686 2469 787 2528 utitur
804 2467 951 2528 oratione
969 2469 1015 2546 c):
1038 2473 1166 2530 Etenim
1222 2479 1360 2530 satorem
1374 2472 1601 2547 appellaverat.
1623 2465 1729 2552 Atque
1746 2467 1778 2527 in
1793 2467 1858 2530 hoc
1871 2489 1969 2530 sensu

419 2577 475 2637 cui
499 2575 616 2652 viyinti
636 2573 686 2630 itis
707 2573 805 2630 annis
824 2573 1015 2650 supplicatio
1038 2573 1166 2631 decreta
1223 2586 1287 2627 non
1327 2587 1448 2650 paucos
1489 2568 1635 2632 videmus
1676 2571 1762 2633 viros
1801 2569 1969 2632 Romanos

420 2685 484 2750 est,
502 2681 615 2736 utnon
630 2675 800 2752 imperator
811 2675 1025 2749 appellaretur
1037 2681 1095 2732 aut
1107 2673 1166 2730 mi·
1222 2665 1256 2726 in
1284 2665 1478 2732 familiarum
1507 2671 1613 2734 numia
1643 2673 1860 2754 imperatores
1892 2673 1970 2735 dici.

419 2769 754 2852 nimis'reboryestis,
772 2773 1165 2855 culpicrnmqucmsllis?
1221 2769 1319 2838 Victo
1366 2769 1407 2830 ad
1446 2773 1602 2836 Mutinam
1648 2773 1790 2836 Antonio
1829 2773 1967 2850 Hirtius,

418 2879 463 2940 Et
481 2895 556 2936 mox
574 2872 657 2932 infra
673 2869 721 2952 a),
744 2865 792 2932 At
804 2876 835 2932 si
849 2875 921 2955 qnia
936 2876 1165 2952 Hispanorum,
1221 2871 1344 2948 Pansa,
1367 2884 1401 2934 et
1423 2869 1620 2942 Octavianus
1641 2899 1660 2940 a
1682 2876 1839 2938 militibus
1862 2891 1897 2940 et
1918 2897 1969 2939 se·

372 3041 377 3054 ,
418 2990 478 3042 urst
488 2981 670 3048 Gallomm,
693 2984 751 3036 unt
764 2978 917 3036 Thracum
929 2979 1017 3036 mille
1031 2985 1090 3036 cast
1100 2979 1164 3038 dno
1216 2986 1298 3066 *natu
1320 2973 1536 3056 imperatores
1559 2993 1633 3040 sunt
1655 2979 1808 3064 appellati
1830 2981 1883 3059 ¹¹¹).
1923 2979 1969 3040 Et

417 3083 524 3141 millia
538 3081 716 3152 occidisset,
734 3097 798 3138 non
807 3095 879 3136 enm
893 3078 1164 3166 hacconsuetudi·
1221 3088 1332 3137 narrat
1355 3078 1473 3140 Cicero
1488 3080 1537 3160 ¹²),
1568 3102 1604 3144 sc
1628 3081 1795 3144 relerente
1820 3079 1859 3140 L.
1884 3081 1969 3142 Tor.

417 3202 474 3257 ne,
492 3181 774 3264 quaeincrcbrnr't,
792 3180 1012 3268 imperatorem
1022 3179 1164 3256 appellu-
1209 3189 1353 3274 'quatum
1374 3179 1498 3262 magnis
1519 3180 1552 3241 in
1575 3183 1767 3246 Macedonia
1791 3181 1891 3244 rebus
1911 3201 1968 3264 ge·

412 3293 468 3346 ‘ret
485 3283 641 3344 senatus?
662 3281 711 3342 Ac
727 3279 813 3340 lortc
830 3297 894 3338 non
912 3277 1015 3340 multo
1031 3277 1163 3360 majoris
1221 3277 1279 3338 stis
1301 3277 1469 3343 absentem
1492 3282 1614 3346 dictum
1633 3305 1705 3346 esse
1722 3287 1966 3368 imperatorem.

418 3383 480 3444 luit
509 3382 667 3444 momenti
696 3379 797 3463 ipsius
826 3379 927 3441 Tullii
956 3379 1090 3442 victoria
1120 3379 1162 3440 de
1220 3379 1360 3446 Videtur
1383 3383 1503 3445 circum
1527 3399 1677 3466 tempora
1700 3387 1849 3448 exeuntis
1871 3385 1967 3468 reip,

417 3483 535 3546 Amani
565 3481 750 3544 monticolis
782 3493 888 3564 parts,
920 3501 956 3566 ac
987 3494 1163 3564 propterea
1221 3481 1397 3566 multisque
1420 3497 1488 3546 tum
1516 3485 1616 3548 rebus
1643 3485 1806 3550 violenter
1827 3501 1862 3552 et
1884 3489 1968 3552 arbi·
2050 3533 2055 3542 -

418 3583 626 3666 imperatoris
655 3582 787 3644 nomine
815 3581 977 3658 decorati,
1009 3585 1070 3646 etsi
1098 3603 1166 3646 ma·
1220 3583 1320 3644 traria
1349 3587 1427 3648 sctis
1456 3609 1520 3655 non
1551 3581 1716 3653 obstitisse
1744 3567 1909 3664 senatum,
1939 3592 1967 3654 si

419 3707 517 3768 gnum
543 3707 560 3746 a
587 3703 622 3744 sc
649 3683 791 3744 hostium
817 3704 990 3744 numerum
1022 3705 1162 3762 caesum,
1221 3684 1292 3768 quis
1316 3707 1356 3748 ex
1378 3709 1474 3752 cansa
1502 3687 1598 3754 etiam
1624 3711 1689 3753 non
1712 3691 1795 3776 justa
1818 3715 1835 3754 a
1859 3693 1968 3754 militi·

343 3827 348 3841 ι
419 3801 454 3850 et
475 3782 776 3864 uictoriamjnstam
800 3784 933 3848 relatam
956 3785 989 3845 in
1014 3786 1163 3868 epistolis
1220 3786 1281 3850 bus
1302 3787 1336 3848 in
1357 3790 1427 3852 acie
1456 3792 1636 3874 appellatus
1665 3807 1751 3856 esset
1774 3796 1966 3876 imperator,

420 3889 571 3974 suisipse
589 3886 812 3974 scripserint).
844 3885 1164 3978 Quamlerisfuerit
1220 3902 1252 3950 st
1274 3889 1401 3972 signum
1419 3893 1588 3974 approbati
1607 3895 1845 3977 ejusasenatn
1862 3897 1966 3960 ltono·

385 3993 390 4002 '
420 4013 531 4065 causa,
554 3989 597 4053 ob
617 4010 712 4074 quam
731 3989 765 4049 in
787 3986 876 4050 bello
898 3989 987 4052 civili
1006 3987 1162 4053 Africano
1220 3992 1265 4052 ris
1288 3991 1404 4067 fuisse,
1428 3993 1556 4077 quando
1585 3993 1612 4056 is
1641 4009 1776 4082 accepto
1807 3995 1965 4060 victoriae

266 4107 273 4114 ‘
355 4165 356 4168 Ἴ
420 4095 599 4177 imperator
625 4094 778 4156 salutatus
807 4104 858 4172 est
879 4091 995 4170 Curio,
1023 4112 1066 4155 ex
1093 4091 1162 4176 ipsa
1219 4095 1338 4156 nuncio
1349 4095 1619 4180 supplicationem
1633 4096 1790 4182 tlecrevit.
1803 4099 1966 4167 Videhuc

278 4287 283 4298 ι
314 4273 320 4286 ,
420 4195 567 4260 Caesaris
610 4195 794 4258 narratione
838 4194 1006 4311 colligitur
1034 4191 1085 4282 s),
1128 4211 1162 4258 et
1218 4195 1417 4282 pertinentia
1449 4197 1535 4282 apud
1569 4199 1763 4265 Ciceronem
1800 4197 1967 4285 insumo).

454 4369 486 4438 a)
505 4385 540 4422 ex
557 4365 590 4424 1..
608 4365 745 4424 xxxvl.
765 4363 857 4442 eclog.
876 4375 902 4429 3.
983 4363 1409 4436 b)nelt.civ.1..11.c.cn.
1487 4371 1517 4437 ο)
1535 4365 1610 4424 Phil.
1631 4367 1711 4428 xlv.
1731 4376 1804 4430 talt-
1887 4369 1923 4445 ἆ)
1942 4373 1966 4434 l.

419 4475 445 4516 c.
465 4475 489 4513 c.
509 4465 536 4518 5.
636 4451 1501 4532 e)acantici..v.ep.no,ad1²smil.1..11.sp.ro.
1600 4456 1686 4529 Ode
1704 4457 1779 4518 Bell.
1798 4461 1857 4520 clv.
1875 4461 1964 4521 1..11.

419 4565 444 4602 0.
463 4545 571 4608 sam.
671 4548 701 4620 g)
721 4543 793 4602 ant.
814 4546 977 4608 naam.
1076 4541 1388 4616 miseconem.
1467 4545 1542 4618 nn.
1561 4547 1684 4608 xtvn.
1704 4553 1729 4624 i·
1750 4558 1795 4614 ιι.
1879 4551 1911 4624 ι)
1932 4535 1965 4611 tn

417 4636 670 4702 eruisset„
729 4632 752 4704 l)
771 4633 844 4692 Bell.
864 4634 920 4692 civ.
941 4633 973 4694 L.
993 4631 1081 4692 III-c
1107 4645 1154 4702 31.
1254 4635 1546 4708 m)ni01..xt.v1.
1566 4641 1657 4710 ΜΒ.
1759 4643 1790 4716 ιι)
1812 4639 1844 4698 in
1862 4641 1962 4702 Plano.

419 4743 446 4780 c.
469 4735 509 4796 t9.
608 4723 640 4792 o)
662 4719 745 4781 Orat.
766 4721 803 4782 de
822 4725 957 4800 provinc.
978 4721 1090 4784 consul.
1110 4743 1135 4783 o.
1154 4725 1174 4788 6
1191 4733 1219 4779 et
1237 4738 1264 4792 7.
1343 4733 1346 4740 '
