4230 5494
754 447 1041 524 tvnlattvs
1081 451 1126 526 ιι.
1177 397 1213 404 .‚

176 649 267 702 tanto
283 633 387 718 magis
404 629 574 716 utriusque
599 629 633 692 in
651 628 834 693 Christiana
861 643 925 696 stu·

174 739 236 800 diis
250 735 467 818 irascebatur,
482 745 601 816 quanto
615 730 793 816 impensius
803 743 926 793 utrum·

175 861 258 925 que,
292 857 330 900 ac
360 835 511 920 privatim
544 832 927 918 Constantiumpropter

175 929 378 1007 continuatas
402 937 518 998 domus
548 954 624 996 suae
653 933 771 996 caedes
801 933 925 1008 oderat,

176 1058 211 1108 et
243 1038 507 1106 odisse'debuit.
558 1038 649 1120 Ergo
681 1056 754 1098 cum
783 1035 926 1118 primum

175 1135 343 1228 degustas
359 1142 429 1203 sine
445 1137 574 1200 aemulo
590 1137 661 1212 luit,
682 1157 833 1199 reserare
850 1135 927 1199 deo·

175 1267 248 1311 rum
289 1244 430 1328 templs,
473 1241 552 1304 illuc
588 1239 708 1302 hostias
737 1237 924 1300 incredibili

175 1365 316 1412 numero
338 1345 493 1429 adigere,
523 1343 593 1424 ipse
616 1342 724 1404 securi
746 1339 922 1404 admovere

177 1468 328 1522 manum,
370 1447 417 1509 sic
454 1459 489 1507 ut
515 1445 717 1508 rietimarius
753 1461 815 1526 per
843 1440 928 1502 ludi·

178 1550 285 1610 brium
302 1547 488 1620 diceretur,
512 1546 582 1629 ipse
601 1557 809 1628 comportare
827 1541 926 1625 ligna,

180 1651 363 1714 accendere
387 1649 515 1724 locum,
538 1644 728 1708 exsecandis
750 1665 769 1706 e
792 1643 926 1708 cadara·

176 1751 266 1814 ribus
297 1750 382 1812 extis
410 1752 571 1832 Augustas
599 1759 772 1808 cruentare
801 1766 923 1819 manus,

177 1853 281 1936 iisque
312 1849 523 1934 inspiciendis
546 1831 832 1932 ¹consulendisque
872 1844 924 1908 ad·

176 1967 308 2016 uertere
343 1951 504 2025 animum,
542 1969 636 2032 quam
668 1947 824 2009 insaniam
856 1967 927 2028 grs-

178 2055 261 2116 titer
276 2053 470 2136 perstrinxit
490 2053 675 2113 Ammianus
691 2049 782 2132 ipse,
806 2061 838 2110 ut
858 2049 927 2110 ido·

177 2154 284 2218 lorum
305 2154 428 2228 cultor,
463 2154 508 2216 sic
530 2151 630 2234 judex
655 2149 867 2234 aequissimus
884 2151 925 2232 ²).

177 2257 225 2320 Ad
246 2258 333 2318 hacc
351 2253 531 2328 ominibus,
565 2253 640 2314 risis
660 2250 838 2312 secundum
858 2250 927 2334 qui·

177 2371 282 2431 rtem,
312 2355 473 2440 prodigiis
490 2351 671 2418 miseranda
693 2351 924 2434 superstitione

177 2461 276 2522 iidem
301 2457 443 2530 habere,
477 2455 595 2536 vigiliis
623 2454 821 2538 jejuniisque
851 2471 924 2514 sese

175 2563 215 2624 ad
241 2561 382 2623 deorum
408 2541 578 2618 occursum
597 2573 812 2636 praeparare,
843 2573 924 2636 quos

177 2682 275 2747 saepe
307 2679 349 2722 ex
380 2657 523 2742 Olympo
554 2655 780 2729 descendisse,
818 2668 853 2716 ut
885 2653 924 2716 ad

176 2768 333 2826 amasium
358 2783 451 2824 snum
472 2759 669 2832 inviserent,
692 2755 762 2840 ojus
784 2755 926 2818 suaviter

177 2865 357 2944 contigisse
377 2883 491 2926 manus
513 2862 707 2942 crinesque,
737 2870 771 2919 st
797 2871 861 2920 tam
881 2858 927 2920 la·

177 2966 352 3026 miliariter
382 2963 442 3026 illo
469 2981 565 3038 usos,
596 2973 632 3022 ut
661 2951 700 3022 ad
731 2971 927 3036 extremum,

177 3087 261 3150 quae
298 3065 340 3126 sit
378 3065 482 3136 loris,
523 3081 606 3145 quae
645 3061 814 3124 Minervae
851 3082 925 3136 vox,

178 3187 262 3251 quae
294 3165 458 3250 Apollinis
486 3162 611 3234 forma,
646 3183 728 3246 quae
758 3161 927 3238 Herculis,

175 3269 276 3350 lacilc
293 3267 523 3349 dignosceret,
545 3263 697 3347 perbibet
711 3261 866 3326 Libanius
881 3261 926 3346 b).

177 3369 223 3430 Hi
249 3369 277 3430 si
305 3389 435 3441 mores,
468 3379 563 3448 etque
591 3362 645 3428 hic
673 3365 771 3432 animi
798 3363 950 3440 habitus'

181 3473 208 3532 si
230 3485 342 3552 potest
366 3482 531 3551 praestare
562 3465 813 3550 philosophum,
844 3459 926 3526 nihil

178 3593 257 3634 sanc
273 3571 432 3638 obstabit.
456 3591 520 3654 qno
545 3567 649 3632 minus
672 3569 846 3644 Antonios,
869 3567 926 3628 Pa·

161 3674 349 3754 ohannins,
382 3671 569 3734 Hilariones
592 3667 807 3754 philosophos
834 3688 927 3754 prse-

56 3805 61 3814 ·
178 3791 322 3848 stemus,
353 3793 433 3856 quos
467 3785 576 3832 tamen
598 3771 621 3829 ii
644 3769 724 3853 ipsi,
748 3772 804 3855 qui
828 3770 928 3832 maxi·

178 3875 233 3939 ine
272 3874 431 3936 lulianum
461 3870 691 3958 philosophum
727 3871 926 3954 praedicant,

163 3980 290 4058 ‘solent
304 3973 430 4060 ridere.
475 3973 621 4054 Cumque
646 3992 742 4036 error
759 3971 927 4045 fanaticus,

167 4065 360 4160 'captusque
377 4075 609 4156 superstitione
627 4073 750 4137 animus
769 4069 855 4134 istud
864 4093 928 4134 ma·

178 4182 268 4244 xime
295 4177 357 4242 sibi
388 4176 505 4240 babeat
533 4171 722 4260 propritim,
757 4188 793 4236 ιιι
817 4193 957 4258 querno·

179 4301 245 4365 qne
270 4299 457 4354 susurrum,
493 4297 637 4364 quasque
665 4275 768 4340 aniles
792 4275 927 4353 labulss,

180 4383 281 4447 modo
309 4401 425 4446 causae
457 4399 534 4446 suso
566 4379 726 4456 serviant,
763 4375 820 4440 sed
849 4397 928 4462 quas

1078 327 1092 358 X

1597 493 1618 506 ·
1649 479 1717 542 131

983 631 1190 716 philosophis
1206 631 1279 716 jure
1298 633 1517 724 condemnat,
1549 639 1645 704 lacils
1664 653 1733 705 cr'a·

982 733 1056 811 dat,
1092 736 1216 796 nemini
1253 735 1370 798 mirum
1406 739 1729 816 ridebitumatts-

983 855 1065 898 num
1084 837 1226 900 libenter
1255 840 1441 923 amplexum
1474 844 1590 906 tradita
1619 845 1732 908 cirita·
1818 885 1823 899 ·

984 950 1050 998 tum
1095 937 1157 1000 nb·
1179 939 1291 1004 ultima
1335 943 1523 1028 antiquitate
1567 945 1729 1029 prodigia,

982 1039 1147 1122 quaejam
1173 1055 1240 1104 tum
1267 1043 1411 1106 aniculas
1434 1045 1521 1108 inter
1546 1067 1734 1132 puerosquc

983 1143 1035 1202 rix
1064 1139 1163 1210 fidem
1195 1144 1333 1228 amplius
1365 1166 1536 1236 reperere.
1589 1151 1730 1212 ntis-sca-

981 1238 1229 1308 lum'Claudise
1256 1245 1418 1323 Vestalis,
1451 1269 1533 1332 quse
1563 1249 1631 1312 sols
1661 1251 1729 1312 tta·

981 1343 1039 1406 tris
1057 1342 1154 1406 deum
1178 1345 1284 1410 navim
1308 1345 1448 1430 adligata
1476 1369 1559 1412 sona
1578 1365 1748 1440 traxerat,¹

984 1466 1057 1508 cum
1075 1446 1139 1510 lats
1152 1461 1362 1532 ‚enarrasse-t,
1386 1450 1466 1512 haec
1486 1452 1645 1517 continuo.
1661 1455 1734 1516 sub·

983 1545 1078 1628 jecita
1110 1571 1293 1632 qseanqoam
1310 1555 1397 1620 scio,
1421 1537 1591 1616 oonnsillos
1615 1575 1656 1617 ee
1679 1561 1733 1630 iia,

982 1651 1039 1732 qui
1059 1652 1156 1712 nimis
1177 1661 1253 1711 sont
1276 1655 1454 1729 sopientes,
1479 1657 1557 1714 loeo
1580 1647 1733 1739 tooqonoa

983 1751 1243 1812 oroliercolorom
1252 1753 1470 1812 intolerabiles
1481 1773 1585 1832 noyer
1599 1767 1734 1818 contron-

979 1857 1102 1926 ρωποι.
1134 1851 1217 1910 Mili
1233 1871 1306 1912 vero
1327 1855 1514 1914 ciuitatibus
1529 1857 1609 1932 ipsis
1628 1863 1734 1934 mojm

983 1951 1129 2010 dolenda
1141 1953 1221 2030 fidos
1237 1953 1378 2026 uidetur,
1402 1974 1498 2034 qoam
1522 1957 1613 2016 scitia
1628 1967 1660 2018 ot
1672 1961 1735 2017 elo·

981 2053 1135 2130 pontibus
1149 2055 1236 2126 istis,
1259 2071 1392 2132 quorum
1413 2055 1558 2116 aninsula
1576 2059 1649 2116 ocri
1663 2061 1733 2138 qai·

983 2155 1053 2212 dem
1079 2153 1188 2211 indole
1207 2156 1358 2228 praedita
1380 2163 1447 2226 ost,
1478 2158 1538 2216 scd
1557 2159 1642 2217 nihil
1659 2161 1734 2218 sord

983 2254 1128 2312 contueri
1147 2260 1264 2328 potest.
1307 2244 1398 2333 Haec
1422 2259 1495 2314 'cum
1520 2254 1625 2336 legis,
1649 2255 1733 2342 audo

983 2349 1214 2434 philosophum
1242 2349 1400 2414 Iulianum
1428 2375 1501 2418 cunt
1535 2357 1731 2442 philosopho

984 2451 1139 2534 Arpinate
1166 2471 1377 2537 componere.
1421 2457 1496 2520 Hoc
1521 2477 1579 2520 suo
1599 2459 1730 2526 adiectu

984 2572 1056 2614 cum
1075 2553 1285 2636 exstinguere
1305 2555 1521 2620 Christianum
1541 2579 1660 2624 nomen
1678 2580 1733 2623 cn·

982 2668 1094 2738 peret,
1116 2675 1182 2716 non
1201 2657 1259 2720 ille
1278 2657 1496 2733 Christianos,
1519 2661 1606 2742 quod
1627 2683 1645 2726 a
1664 2683 1733 2726 mo·

984 2755 1073 2818 ribus
1105 2757 1171 2818 suis
1200 2757 1342 2820 alienum
1373 2772 1458 2837 erat,
1490 2763 1662 2837 tormentis
1684 2766 1732 2828 in-

985 2855 1103 2919 sectari
1139 2857 1258 2936 soluit,
1298 2859 1358 2922 sed
1388 2861 1493 2923 modis
1523 2863 1614 2938 aliis,
1650 2887 1731 2948 quos

985 2959 1074 3020 omni
1112 2959 1305 3024 crudelitate
1341 2963 1540 3024 valentiores
1571 2965 1732 3048 sperabat.
1833 3021 1838 3038 ,

983 3059 1107 3122 Eorum
1138 3061 1224 3122 enim
1255 3081 1377 3146 pueros
1406 3085 1424 3124 s
1455 3061 1539 3124 ludis
1573 3064 1729 3128 litorariis
1849 3143 1853 3148 Ι

984 3161 1105 3236 sucum,
1128 3181 1169 3222 ne
1189 3161 1289 3223 adulti
1304 3175 1412 3225 essent
1427 3163 1560 3246 ingenio
1579 3165 1619 3226 ad
1639 3185 1732 3230 sver-

986 3261 1116 3324 tendam
1146 3265 1410 3348 superstitionem
1441 3283 1578 3346 capace,
1610 3253 1730 3330 deiude

984 3364 1156 3448 episcopos
1176 3365 1289 3428 exules
1314 3366 1379 3428 suis
1398 3383 1513 3426 omncs
1533 3367 1664 3429 sedibus
1680 3387 1733 3430 re·
1843 3353 1848 3374 ⁸

985 3467 1103 3539 stituit,
1127 3479 1161 3528 ut
1175 3465 1262 3530 inter
1283 3487 1318 3530 se
1334 3467 1448 3550 jurgiis
1473 3465 1620 3552 odiisque
1640 3471 1732 3558 colli·

984 3568 1030 3641 si,
1053 3579 1088 3628 ut
1107 3567 1244 3629 antehac
1272 3567 1412 3646 lactum,
1436 3569 1627 3634 Christianis
1653 3573 1732 3658 ipsis

985 3680 1093 3729 essent
1113 3665 1301 3768 despicatui.
1339 3674 1505 3746 Demens,
1529 3672 1664 3754 quinon
1680 3693 1732 3738 ro·
1845 3717 1851 3724 ·

984 3767 1123 3831 flexerat
1163 3772 1329 3847 animum,
1368 3772 1546 3858 opiniones
1584 3775 1732 3838 humanis
1790 3806 1793 3812 ¹

985 3870 1147 3933 mentibus
1183 3873 1248 3935 alte
1282 3873 1403 3936 deliras
1445 3889 1629 3960 amatorque
1666 3896 1732 3940 non

984 3991 1081 4054 posse
1105 3971 1173 4038 sita
1196 3961 1444 4056 benevolentia,
1474 3977 1542 4037 sire
1567 3979 1731 4042 terriculis

984 4072 1162 4150 eradicari,
1198 4090 1232 4137 et
1257 4095 1428 4160 perperam
1449 4089 1514 4138 tum
1533 4081 1655 4140 cultum
1680 4098 1731 4141 te·

984 4175 1136 4258 ligiosum
1170 4175 1361 4259 oppugnari¹
1391 4177 1635 4260 quibuscunque
1665 4197 1731 4241 nta-

985 4276 1108 4354 thinis,
1129 4277 1259 4360 quando
1287 4277 1356 4356 ejus
1375 4277 1554 4340 illecebras
1577 4280 1641 4359 jam
1664 4301 1730 4342 ma·

986 4399 1081 4462 gnam
1111 4379 1226 4462 populi
1260 4391 1385 4460 partem
1425 4397 1638 4460 occupavere.
1682 4383 1729 4444 Ac

213 4695 248 4766 s)
266 4692 300 4749 L.
319 4691 414 4753 XXII.
435 4711 459 4751 c.
482 4705 525 4754 rt.
547 4699 590 4752 tl.
665 4689 700 4764 h)
720 4670 825 4768 Legats
836 4689 876 4748 sd
894 4687 999 4750 lulisn.
1019 4697 1049 4746 et
1068 4686 1099 4743 in
1119 4687 1200 4747 Orat
1220 4685 1363 4766 parentsl.
1384 4707 1407 4745 c.
1427 4697 1485 4842 331.1
1538 4757 1541 4762 Δ

1507 4801 1525 4845 2
