4226 5500
895 1284 1556 1402 ADDENDA

1188 1527 1260 1586 sn

516 1644 1915 1794 voaannsEovnnvn

997 2007 1447 2038 ι*-

650 2359 689 2424 Ρ.
702 2357 754 2421 25.
777 2357 840 2419 col.
855 2376 883 2422 t.
901 2357 961 2424 tin.
973 2381 1005 2442 7.

1253 2354 1492 2442 crederemque
1519 2353 1678 2440 magicam
1701 2352 1755 2416 illi
1779 2355 1840 2420 rirn
1866 2356 1967 2430 nesse,

451 2417 621 2524 Alterum
643 2455 729 2521 hunc
751 2456 1000 2524 Diadumeniani
1023 2479 1156 2522 nnmutn
1168 2481 1196 2522 :a
1229 2457 1312 2556 ⁸illo
1326 2457 1481 2540 deinceps
1496 2457 1599 2520 instar
1614 2455 1754 2539 insignis
1775 2457 1820 2518 nti
1834 2459 1966 2540 coepisse.

450 2557 593 2622 Sestinio
616 2559 782 2643 vulgatum
804 2579 885 2644 opus
909 2581 981 2624 csse
1009 2559 1196 2646 impostoris
1254 2559 1371 2644 (Essay
1386 2581 1429 2623 on
1444 2559 1614 2628 medVol.
1630 2561 1656 2623 1.
1672 2579 1705 2642 p.
1720 2563 1806 2642 ros.)
1821 2559 1907 2621 'Haec
1917 2578 1968 2619 on·

450 2661 574 2725 Osmau
591 2661 675 2744 Bey,
695 2659 807 2725 docuit
823 2683 877 2727 nae
892 2663 1110 2748 Coosincryus
1127 2665 1197 2748 ejus
1253 2662 1306 2724 nia
1325 2682 1389 2747 quo
1412 2676 1546 2726 anctore
1570 2661 1737 2745 acceperit
1757 2660 1807 2726 rir
1830 2658 1967 2732 eruditus,

450 2777 535 2828 nunc
551 2781 732 2848 possessor.

763 2951 800 3013 P.
815 2966 867 3034 27.

513 3067 695 3154 Procopius
732 3069 886 3153 Byzantia
918 3069 1097 3136 conditoris
1130 3089 1195 3132 rna·

441 3184 537 3235 trem
560 3171 753 3234 Ceroessaut
779 3185 883 3236 vocat.
916 3171 1192 3255 (deAedif.1nst.

450 3273 489 3332 L.
510 3275 533 3334 1.
552 3293 582 3336 c.
598 3273 646 3356 5.)
668 3271 753 3340 Vide
774 3271 869 3359 plura
887 3274 973 3358 apud
995 3273 1195 3356 Hesychions

449 3373 633 3451 Milesium,
662 3373 720 3456 (ds
742 3375 813 3439 reb.
834 3389 917 3460 petr.
933 3375 1195 3460 constantinop.)

451 3475 509 3537 scd
526 3475 581 3559 qui
597 3475 721 3542 fabulas
736 3491 857 3541 tanturn
874 3489 994 3542 narrat.

586 3663 624 3724 P.
638 3659 689 3722 ao
710 3663 772 3722 col.
790 3683 816 3726 ι.
835 3674 912 3744 post
929 3663 990 3726 lin.
1009 3684 1055 3724 rr.

513 3777 626 3840 Lunae
645 3777 676 3838 in
694 3781 926 3861 Byzantiorum
943 3781 1049 3844 nnmis
1067 3779 1194 3861 conspi-

450 3897 530 3942 cuae
553 3897 680 3942 causam
696 3901 762 3943 uon
779 3883 886 3959 attuli,
907 3869 1125 3968 quiaomnem
1144 3882 1193 3966 ig-

448 3979 573 4046 uorari.
594 3981 677 4046 Eam
695 3995 803 4046 tatnen
822 3984 947 4068 reperit
961 3984 1191 4060 Pinltertonns‚

448 4082 603 4146 nimirum
636 4105 711 4148 cunr
732 4085 903 4170 Philippus
928 4085 1067 4149 Macedo
1093 4097 1191 4148 nocte

449 4183 608 4247 concubia
635 4187 809 4272 repentino
842 4173 974 4250 incn'rsu
1003 4206 1191 4270 expugnare

450 4285 642 4364 Byzantium
662 4301 819 4362 tentaret,
846 4289 1036 4372 explicatam
1054 4301 1191 4371 repente

451 4386 643 4451 exnnbihns
665 4388 773 4453 lunam
795 4391 971 4472 splendore
994 4411 1052 4452 sno
1074 4389 1192 4452 adven·

449 4499 569 4549 tantem
596 4489 724 4552 hostem
749 4490 878 4554 civibus
904 4491 1096 4574 prodidisse.
1126 4491 1192 4552 Ad-

428 4584 512 4662 .dit‚
529 4589 654 4652 Turcos
670 4591 770 4676 longo
787 4606 861 4676 post
874 4606 1022 4676 tempore
1038 4595 1191 4656 Constan-

1248 2765 1329 2826 milti
1355 2763 1605 2849 incompertum.
1635 2763 1774 2826 Causam
1797 2781 1873 2826 rero
1891 2759 1966 2822 etiau

1249 2865 1411 2930 adamatae
1438 2889 1458 2928 a
1481 2865 1599 2930 Toreis
1623 2865 1720 2936 lunae
1744 2862 1838 2928 valde
1853 2882 1915 2926 esse
1933 2861 1968 2928 'tt-

1249 2980 1390 3045 certam,
1414 2979 1448 3030 et
1466 2988 1509 3030 ne
1529 2966 1579 3028 his
1595 2966 1673 3050 ipsis
1690 2964 1823 3050 quidem
1848 2965 1915 3026 satis
1929 2982 1969 3025 oo·

1251 3069 1389 3154 gnitam,
1407 3067 1555 3131 adfirmat
1571 3069 1614 3135 cl.
1625 3067 1831 3144 Tolerinus,
1852 3067 1900 3150 qui
1915 3065 1968 3147 plu·

1250 3170 1340 3234 ribus
1378 3170 1468 3234 annis
1495 3169 1777 3254 Constantinopoli
1799 3167 1912 3252 degens
1934 3165 1968 3224 in·

1251 3273 1362 3336 stitnto
1381 3271 1497 3335 sedulo
1515 3273 1662 3335 examine
1678 3271 1762 3332 nihil
1779 3270 1859 3333 certi
1873 3267 1968 3332 intelli·

1251 3395 1333 3459 gere
1348 3373 1463 3458 potuit.
1481 3373 1539 3456 (de
1557 3374 1677 3438 litarat.
1694 3375 1796 3438 Ture.
1812 3392 1843 3456 p.
1855 3368 1969 3448 nandi.)

1251 3479 1296 3552 tt,
1324 3475 1379 3560 qui
1400 3475 1562 3552 scribunt,
1585 3479 1695 3559 legem
1717 3474 1783 3536 sibi
1802 3493 1854 3560 lex,
1869 3469 1969 3558 praeci·

1250 3577 1323 3662 puis
1349 3599 1444 3640 unam
1472 3597 1545 3640 esse
1568 3577 1753 3660 impositam
1779 3566 1896 3665 diabent
1918 3563 1979 3635 osi·¹

1186 3699 1190 3716 ⁸
1250 3681 1397 3756 stimare,
1414 3671 1463 3754 ut',
1478 3698 1552 3742 cum
1566 3677 1742 3762 singularia
1756 3672 1864 3753 nobis,
1880 3693 1969 3756 noque

1250 3780 1430 3844 communis
1458 3801 1514 3842 res
1543 3779 1676 3842 notitiae
1699 3793 1850 3856 narrant,
1880 3777 1969 3840 fonto

1248 3883 1342 3945 nobis
1367 3901 1503 3945 suosne
1525 3881 1709 3959 inrideant,
1736 3893 1791 3944 aut
1809 3879 1911 3943 ferant
1927 3897 1969 3961 ps·

1247 3985 1385 4062 flenter,
1418 3983 1447 4046 si
1468 3981 1566 4046 fidem
1586 3997 1641 4048 aut
1662 3981 1900 4066 suspendimus,
1928 3991 1971 4041 ant
2062 3979 2063 4068 l

1235 4087 1343 4171 plane
1370 4085 1576 4170 abnegamus.
1607 4085 1728 4149 Sedet
1752 4098 1873 4170 gratam
1892 4080 1970 4144 nobis

1248 4210 1319 4252 rem
1337 4187 1488 4264 fecisset,
1509 4187 1537 4250 si
1553 4199 1719 4250 auctorem
1735 4186 1907 4260 laudasset,
1926 4181 1970 4267 qui

1249 4289 1411 4352 sinistram
1424 4288 1577 4371 Philippo
1592 4289 1784 4372 Byzantium
1802 4303 1971 4371 oppugnan-

1249 4389 1274 4451 ti
1307 4389 1416 4452 lunam
1448 4389 1614 4454 docuerat.
1657 4391 1806 4452 lllnstres
1840 4383 1970 4448 historici
2062 4447 2063 4496 y

1237 4481 1368 4554 'facturn
1389 4491 1475 4554 istud
1495 4492 1656 4577 ignorant.
1697 4493 1814 4554 Narrat
1834 4485 1971 4559 lustinus,

1248 4593 1397 4656 omissam
1419 4616 1437 4657 a
1458 4593 1638 4656 Macedone
1662 4591 1882 4665 obsidionem,
1908 4583 1969 4670 quia

450 4685 587 4768 linopoli
606 4693 743 4772 potitos,
771 4715 845 4758 cunr
864 4695 961 4758 lunae
984 4697 1111 4782 signnm
1129 4716 1191 4782 per
1245 4696 1280 4756 iu
1296 4694 1430 4778 Scythas
1446 4695 1626 4758 exercitum
1645 4693 1750 4770 duait,
1768 4695 1822 4778 (L.
1834 4690 1919 4754 tlte.
1932 4687 1969 4764 s.)

452 4784 560 4864 plures
580 4789 669 4852 urbis
693 4794 780 4856 vicos
802 4799 1003 4880 propositum
1026 4797 1189 4872 riderent,
1246 4797 1428 4872 Diodorus,
1450 4798 1505 4878 (L.
1522 4797 1605 4860 XVL
1619 4816 1647 4860 c.
1658 4797 1725 4878 77.)
1743 4808 1776 4858 et
1791 4791 1970 4856 Demosthe·
