4226 5500
1576 491 1584 536 i

534 672 537 681 1
564 561 641 634 AD
676 559 963 640 VOLVMEN
997 565 1275 645 TERTIVM.
1659 592 1707 662 u5

156 725 245 789 nelle
265 727 438 792 additioni
458 731 495 792 oi
517 731 742 815 commentari
761 734 828 798 olle
850 733 902 798 st·
957 737 1203 801 attentissimum
1240 737 1396 803 adserere
1433 761 1499 805 nou
1531 741 1703 826 dubitavit,

155 829 282 893 ciliane
299 829 476 914 dieduglie
496 844 660 916 stampato
681 837 719 898 in
729 835 808 924 fine
824 831 902 902 ἀλλ’
959 831 1101 922 denique
1114 835 1250 906 desinat.

153 947 254 1010 opera
273 931 433 997 »Sicula«
452 935 489 996 di
504 926 667 998 Derbille.

222 1035 376 1098 Palermo
398 1034 436 1100 13
452 1035 587 1120 Agosto
606 1037 697 1120 1708.
1138 1045 1261 1121 3514.
1278 1045 1341 1110 cod
1354 1061 1385 1109 o.
1400 1047 1459 1110 lin.
1476 1045 1528 1110 30.

208 1240 241 1308 G
329 1153 437 1265 ‘Dim
456 1153 496 1210 td
512 1151 595 1264 0¹3¹*
611 1155 776 1230 Sfflstffls
1022 1177 1120 1244 Addo
1141 1201 1285 1246 marmor
1308 1183 1372 1248 buc
1394 1184 1580 1268 pertinens,
1615 1187 1704 1274 quod

245 1243 406 1310 ⁰⁶²*ssst
425 1246 673 1310 L⁰⁸⁶¹l⁰²²⁰
700 1249 902 1332 omnm·
958 1281 1073 1364 reperi
1100 1282 1143 1368 in
1161 1283 1344 1368 Opusculis'
1365 1285 1576 1372 Celegeranis
1606 1291 1702 1356 Tum.

321 1346 475 1432 Primii)e
494 1345 528 1410 di
545 1349 780 1414 'smmum
956 1381 1045 1449 xlx.
1063 1405 1096 1466 p.
1108 1386 1155 1462 15,
1172 1405 1202 1466 o,
1220 1385 1410 1450 uanslatum
1428 1387 1462 1450 in
1479 1409 1628 1454 museum
1645 1393 1704 1458 Ca·

955 1481 1150 1564 pitoliuuma

1098 1609 1141 1673 D.
1163 1611 1209 1676 tt.
1389 1609 1673 1682 ORRHENORV
1752 1653 1762 1668 .

215 1691 292 1760 Vidi
319 1693 442 1772 serius,
473 1695 507 1758 in
536 1695 651 1760 eadem
672 1717 801 1761 mecum
823 1719 896 1762 seu·
1070 1709 1222 1772 ABGAR
1451 1713 1612 1777 110an

44 1771 55 1780 ³
148 1796 251 1860 tentia
271 1794 664 1882 fuisseWcsselingium,
694 1799 754 1862 sed
775 1801 831 1885 qui
848 1802 895 1866 vi·
1029 1811 1266 1876 PRAHATES
1368 1814 1560 1882 CONIVGI.
1577 1817 1698 1880 BENE

146 1892 230 1959 sinin
252 1919 317 1962 uon
332 1898 489 1964 barbarae
503 1900 690 1978 Graecitati,
707 1901 767 1966 sed
783 1901 895 1965 incon·
1014 1913 1167 1980 FlLlVS.
1189 1915 1281 1976 REX
1364 1917 1577 1986 MERENTL
1599 1919 1696 1984 FEC.

147 2001 235 2064 tulto
249 1999 446 2084 descriptori
459 2002 582 2079 tribuit,
603 2023 676 2065 cum
692 2003 779 2064 baud
794 2001 893 2068 dubie
1046 2015 1273 2101 PfflNcIPls,

149 2101 185 2164 in
210 2123 373 2166 marmore
398 2103 555 2188 scriptum
581 2103 637 2166 sit:
663 2102 731 2170 ΕΞ.
752 2101 894 2166 ENKE-
1060 2183 1065 2194 Β

146 2197 400 2271 ΛΕΤΣΕΩΣ.
429 2203 486 2290 (ad
509 2205 678 2272 Hieroclis
696 2205 891 2290 Synecdem.
1122 2222 1247 2292 13556,
1269 2225 1330 2288 θοι,
1351 2246 1379 2292 ,‚
1401 2225 1461 2291 ῃ...
1479 2247 1526 2293 ,0,

145 2308 278 2390 urs)

383 1559 423 1623 P.
437 1559 510 1636 452.
530 1557 594 1624 col.
612 1579 639 1621 ι.

1011 2363 1093 2426 Post
1107 2361 1278 2424 molestam
1293 2362 1385 2446 longi
1399 2365 1556 2448 temporis
1571 2387 1698 2430 moram

389 2493 427 2558 p·
439 2491 513 2575 49⁰·
536 2494 600 2560 σοι
617 2509 649 2558 2·
950 2465 1063 2547 accepi
1089 2464 1232 2547 denique
1259 2465 1424 2528 laudatum
1449 2468 1603 2531 continuo
1632 2467 1697 2531 Sil·

948 2568 1054 2628 vestri
1075 2567 1115 2627 do
1132 2566 1220 2649 Sors
1245 2587 1337 2649 opus.
1368 2565 1479 2630 Offert
1503 2567 1590 2652 iliud
1617 2567 1694 2630 inde

948 2687 967 2729 a
999 2667 1116 2750 pagina
1142 2667 1200 2729 rbb
1232 2667 1494 2733 dissertationem
1520 2669 1562 2733 de
1587 2669 1694 2732 nnmis

945 2787 1063 2852 regum
1085 2769 1220 2831 Persiae
1253 2787 1295 2830 ex
1325 2785 1423 2854 gente
1450 2769 1693 2850 Susanidarum,

945 2889 1084 2954 quorum
1101 2871 1242 2954 primus,
1260 2870 1364 2934 dictus
1383 2895 1401 2936 a
1416 2872 1483 2935 suis
1497 2875 1691 2951 Ardesclrr'r,

944 2993 963 3034 a
991 2973 1205 3056 scriptoribus
1228 2971 1363 3036 Graecis
1387 2976 1607 3052 Artuxurus,
1635 2977 1692 3040 vel

944 3075 1178 3154 Artaxerxes,
1211 3075 1393 3160 imperante
1425 3074 1611 3138 Alexandro
1634 3077 1714 3140 Se*

943 3197 1035 3256 vero,
1061 3179 1175 3254 ermis,
1199 3187 1232 3240 et
1250 3177 1351 3240 caede
1366 3177 1521 3240 Artabani
1532 3179 1689 3252 ‚Parthiae

942 3279 1044 3362 regis,
1061 3293 1094 3342 et
1108 3279 1264 3362 postremi
1281 3300 1322 3342 ex
1338 3293 1437 3362 gente
1445 3281 1687 3358 Arsacidarum,

942 3380 1071 3445 illustre
1080 3381 1162 3443 illud
1172 3383 1368 3444 Parthorum
1384 3402 1523 3466 regnum
1538 3383 1600 3446 sibi
1609 3385 1689 3446 Per·

941 3483 1050 3568 sisque
1073 3483 1139 3546 suis
1160 3484 1311 3546 restituit.
1343 3483 1435 3574 Quae
1457 3484 1588 3569 quidem
1604 3505 1688 3549 nova

940 3585 1038 3670 stirps
1068 3595 1135 3648 nob
1158 3585 1278 3664 minus,
1306 3607 1402 3672 quam
1424 3585 1593 3650 deturbata
1611 3609 1688 3672 pro·

202 3687 296 3781 Quae
319 3689 384 3753 boc
406 3687 482 3753 loco
504 3689 778 3774 praecipientibus
803 3687 882 3754 artis
940 3687 1028 3751 xime
1046 3683 1291 3765 Arsacidarum,
1312 3679 1459 3752 Romano
1476 3687 1599 3750 nomini
1615 3709 1687 3774 gra·

136 3805 271 3854 nostrae
288 3789 393 3855 causis
411 3805 534 3854 tantum
558 3791 792 3869 dirimerem,
826 3813 883 3857 re·
939 3792 989 3856 vis
1008 3789 1190 3876 infestaque
1215 3791 1357 3866 exstitit,
1382 3791 1550 3876 perpetuis
1567 3793 1686 3854 Roma·

48 3955 53 3968 ,
135 3893 266 3958 sissima
292 3891 424 3956 tandem
449 3907 525 3956 sunt
548 3906 726 3978 comperta.
757 3890 881 3957 Numus
938 3913 999 3956 nos
1024 3893 1111 3958 inter
1133 3897 1315 3979 Persasque
1344 3891 1509 3956 bellorum
1532 3893 1684 3958 feralium

133 3995 190 4060 bic
206 4017 271 4060 uua
290 4016 364 4060 cum
381 3995 452 4060 aliis
471 3997 577 4060 musei
593 3997 714 4060 Osman
729 3997 800 4078 Bey
814 4017 883 4059 ser·
938 3993 1053 4060 causis.

132 4112 230 4164 satur
248 4117 336 4161 nunc
352 4097 509 4181 Smyrnae
526 4098 559 4159 in
575 4119 688 4161 museo
707 4098 749 4164 cl.
769 4099 882 4162 Consi·
999 4097 1139 4161 Duravit
1167 4095 1249 4160 haec
1278 4095 1505 4160 Sasanidarum
1535 4097 1680 4180 dynastia

132 4201 231 4278 nerii,
249 4219 314 4284 quo
330 4213 464 4264 auctore
478 4202 638 4284 comperi,
657 4219 729 4264 esse
743 4223 817 4265 eum
837 4222 881 4266 ex
936 4219 1040 4284 usque
1065 4198 1107 4262 ad
1127 4221 1245 4263 annum
1259 4199 1298 4264 P.
1314 4199 1356 4263 X.
1370 4197 1447 4276 ⁶51,
1472 4219 1536 4282 quo
1553 4199 1682 4262 irruen-

132 4323 253 4368 eorum
272 4323 428 4380 numero,
455 4303 511 4386 qui
531 4298 721 4388 frequentes
740 4325 782 4366 ex
801 4323 878 4370 aere
936 4314 986 4364 tes
1003 4301 1129 4366 Arabes
1149 4315 1277 4386 captum
1292 4303 1476 4366 Tuscorum
1492 4299 1678 4384 proditione

208 2627 322 2692 Numis
347 2629 491 2710 Tiberii,
518 2643 552 2695 et
571 2631 673 2696 Iuliae
696 2629 891 2696 inserendus

142 2749 304 2814 sequens:

206 2830 294 2898 ΤΙΒ.
314 2831 408 2898 KM.
425 2832 467 2900 Α.
489 2837 581 2898 intra
596 2856 765 2900 coronam.
793 2831 889 2898 101*-

138 2927 239 2998 AIA.
256 2936 297 3002 1..
321 2930 359 2996 Δ.
380 2938 506 3000 Romus
517 2939 660 3018 palmae.
678 2937 749 3010 ΑΕ.
766 2934 823 3003 ΙΙΙ.

203 3037 345 3099 Numum
357 3036 444 3102 hunc
458 3039 603 3122 vulgavit
621 3037 664 3104 cl.
677 3037 889 3104 Sanclemeu·

137 3137 215 3202 tius.
241 3137 299 3220 (de
325 3160 401 3202 aera
423 3141 512 3226 vulg.
530 3163 562 3222 p.
579 3139 668 3218 330.)
692 3143 728 3202 Iu
745 3141 841 3206 litera
857 3143 887 3204 A

136 3239 243 3322 partis
260 3241 385 3304 anticas
403 3261 521 3304 sunum
538 3243 682 3326 epochae
701 3245 801 3310 ridet.
818 3249 888 3309 Ma·

136 3339 197 3404 iim
213 3361 253 3408 eu
265 3341 401 3419 indicari
419 3339 632 3410 vocabulum:
652 3343 864 3428 descrescere.

266 3553 306 3616 P.
318 3551 393 3616 bro.
423 3553 486 3618 eol.
495 3567 526 3618 o.
537 3565 616 3636 post
630 3535 692 3617 lin.
702 3553 753 3618 35.

133 4407 176 4468 11.
194 4405 322 4480 formae
338 4425 412 4467 cum
426 4405 531 4489 capite
549 4406 679 4490 Trajani
696 4419 729 4468 et
742 4395 878 4469 Hadiia·
934 4403 1173 4488 leudegerdem
1199 4419 1305 4468 morte
1331 4404 1540 4480 adiecerunt,
1575 4405 1681 4466 omni·
1750 4473 1757 4484 ⁵
1846 4411 1856 4418 '

132 4511 168 4571 ni
192 4506 376 4571 Laodiceae
401 4506 513 4589 Syriae
528 4507 644 4591 signati
657 4519 745 4584 sunt,
770 4494 807 4571 ac
822 4507 877 4572 de·
935 4527 998 4591 que
1023 4507 1136 4572 Persia
1155 4507 1248 4592 potiti
1264 4521 1349 4574 sunt.
1373 4505 1518 4591 (Gibbcn
1537 4506 1623 4572 Hist.
1642 4507 1681 4570 oi

130 4611 231 4696 nique
247 4609 388 4694 maligna
405 4609 524 4693 scalpri
542 4621 610 4672 arte
626 4609 825 4674 Gordianum
841 4625 875 4674 et
933 4607 990 4673 tho
1005 4607 1135 4674 decline
1152 4625 1216 4676 etc.
1230 4610 1323 4694 cbap.
1338 4611 1407 4691 51.)

130 4711 291 4776 Edessam
318 4711 498 4794 recepisse.
540 4713 592 4773 En
621 4711 653 4774 in
675 4711 763 4796 quod
784 4735 875 4777 mou·
994 4707 1068 4776 Hoc
1095 4711 1128 4774 in
1156 4735 1216 4776 suc
1244 4733 1346 4797 opere
1374 4711 1415 4775 cl.
1445 4711 1566 4793 Sacyus
1593 4711 1675 4774 nibil

129 4831 233 4880 strum
258 4835 375 4878 numus
392 4813 464 4890 bic,
488 4835 585 4898 quem
607 4815 875 4901 Sestiniusprue·
930 4813 1095 4879 aliudsibi
1113 4815 1303 4901 proposuit,
1323 4837 1416 4900 quam
1434 4828 1470 4878 ut
1490 4815 1675 4900 inscriptio·
