4236 5488
407 447 477 516 112
603 459 609 538 s
1015 372 1329 500 lloNORIVS.

404 625 544 698 cupant,
559 601 609 676 'et
636 609 729 694 Alani
759 627 831 673 enm
862 605 1017 673 Vandalis
1048 627 1153 670 ama·
1199 610 1781 688 jacttanottaoraactsartthnettcn.
1801 607 1958 682 ΑΜΕ,

405 718 451 778 ris
472 715 615 777 llalthici
648 714 747 775 litore
767 711 930 797 profecti,
966 709 1153 792 Galliasque
1208 712 1263 774 lll.
1286 711 1385 776 obvii.

405 811 910 898 emensiliispaniamincuraant
920 811 1154 892 ,Burgundim
1273 817 1281 834 ¹
1572 810 1593 849 ⁴

353 899 356 906 .
406 941 466 982 nes
498 919 634 982 vicinam
667 909 831 998 superiori
866 913 985 998 Rheno
1013 915 1152 977 Galliam
1194 981 1199 996 ,
1270 857 1957 999 GLOR1A.110MAN0ltvM.!nperator

404 1043 467 1106 per
497 1022 559 1082 rim
595 1019 748 1082 retinent.
793 1019 858 1077 Tot
886 1017 978 1078 malie
1005 1015 1151 1099 undique
1209 1026 1299 1078 utana
1322 1037 1356 1077 m
1379 1037 1475 1080 curm
1490 1036 1549 1078 aen
1571 1039 1720 1101 equorum
1734 1029 1792 1080 etc
1814 1033 1849 1079 ut
1866 1039 1898 1077 tn
1915 1035 1958 1080 st

404 1121 629 1206 prementibus
657 1117 880 1181 Conatantium
913 1115 1031 1179 bellica
1043 1116 1150 1180 laude
1209 1107 1435 1178 milihrcadii.
1478 1117 1550 1182 AV.
1567 1139 1608 1180 m.
1626 1141 1670 1182 m.
1687 1118 1823 1200 (Band.)

403 1237 622 1310 praestantem
645 1224 827 1304 Augustum
851 1219 1025 1280 Honorius
1041 1221 1152 1302 appel·
1271 1222 1344 1280 Alta
1353 1223 1561 1282 eodemmodo
1578 1224 1725 1300 inscripti
1740 1223 1845 1284 obem
1857 1226 1954 1303 typus

404 1329 450 1389 lat
471 1347 555 1391 anuo
576 1334 660 1402 (ιιι,
694 1343 766 1386 cum
792 1322 855 1406 jam
887 1334 979 1382 antea
1007 1320 1152 1384 adlinita·
1208 1319 1277 1380 att.
1294 1322 1361 1382 ΑΕ.
1380 1323 1419 1382 ll.
1438 1323 1498 1384 111.
1966 1341 1969 1346 ·

405 1443 471 1494 tem
494 1449 567 1492 oum
591 1446 632 1490 eo
661 1425 819 1508 junxisset
846 1423 957 1486 data
948 1443 980 1482 tn
1012 1443 1149 1486 uxorem
1549 1422 1593 1459 '⁴
1657 1467 1676 1504 ᾔ

405 1552 522 1595 sorore
553 1527 718 1592 Placidia'
736 1525 889 1614 Ataulphi
926 1525 1039 1600 sidon,
1080 1525 1150 1608 ipse
1307 1577 1312 1588 .
1350 1523 1392 1586 D.
1410 1527 1449 1588 N.
1469 1524 1710 1590 BONORIVS.
1735 1525 1772 1589 P.
1795 1525 1833 1588 F.
1854 1528 1956 1596 ΔΥΕ.

405 1653 489 1697 anno
512 1631 574 1707 aas
601 1629 718 1692 morbo
745 1627 964 1710 exstinguitur
994 1625 1086 1688 nullo
1109 1645 1155 1714 ex⁴
1351 1629 1454 1705 Caput
1464 1631 1691 1697 diadematum.

404 1735 489 1796 binis
506 1731 662 1794 uxoribus
685 1730 802 1793 relicto
829 1729 973 1802 herede,
998 1729 1150 1812 princeps
1207 1723 1346 1790 IVSSV.
1365 1727 1573 1790 attentant.
1600 1727 1755 1790 BEGES.
1779 1735 1860 1809 (sic)
1879 1737 1958 1794 aeri·

335 1813 338 1820 .
404 1839 414 1899 i
419 1849 722 1921 wnavusetvccors
739 1831 802 1908 cui,
821 1829 1151 1892 sirarumdixitPro·
1203 1839 1295 1908 ptum
1317 1839 1411 1890 extra
1434 1850 1600 1906 coronam,
1641 1835 1727 1893 intro
1750 1853 1846 1916 quom
1864 1831 1956 1905 Bffl,

405 1939 519 2025 copius
543 1939 592 2018 ·,)
630 1937 716 1998 salua
748 1877 896 1996 Gallinae
929 1953 1024 2005 suae,
1056 1953 1151 2014 quam
1206 1933 1567 1994 inimoramuaolcae
1589 1935 1658 1994 AR.

164 2056 170 2070 ¹
275 2061 307 2120 ι·
405 2035 830 2110 ΙιοήιαηιιοοιιοιοΙιΙιιι,
854 2024 957 2099 salute
976 2033 1152 2098 urbisllo·
1274 2031 1455 2112 Singularis
1472 2029 1526 2094 hic
1545 2053 1661 2094 nunna
1682 2031 1831 2117 vulgatus
1848 2049 1957 2098 exstat
2040 2051 2043 2056 ’

346 2181 349 2198 ·
406 2163 478 2208 mac
496 2161 568 2206 ease
589 2139 699 2224 potior
717 2139 783 2204 sisa
800 2137 871 2203 luit.

706 2363 844 2426 Numi:

467 2553 509 2615 D.
527 2553 567 2614 N.
583 2545 826 2612 Hon’ontvs
849 2545 886 2610 P.
904 2543 941 2605 tt.
958 2541 1059 2611 AVG.
1083 2541 1149 2625 epi·

406 2653 709 2739 grapheconatana.
832 2678 838 2697 ·

347 2775 350 2784 ·
468 2759 571 2840 Caput
587 2753 804 2816 diadematum
821 2769 894 2812 eum
914 2747 1113 2833 margaritis.

467 2855 782 2932 Protomcvadtersa
812 2853 936 2936 galeata
965 2851 994 2918 d.
1016 2851 1151 2919 hastam,

406 2985 432 3024 a.
450 2961 618 3044 clypeum,
640 2957 673 3018 in
695 2977 759 3039 qno
777 2973 897 3037 eques,
919 2945 1043 3016 in'aliis
1060 2973 1150 3014 crux.

470 3064 574 3146 Caput
605 3059 766 3142 galeatum
802 3055 981 3119 barbatum.
1032 3057 1092 3116 Est
1118 3053 1151 3113 in

405 3165 513 3230 aureis
565 3181 639 3224 cuna
696 3159 876 3242 epigraphe
927 3157 1152 3224 VlCTOth.

405 3265 568 3334 AVGGG.
586 3261 671 3346 apud
689 3261 905 3335 Bandurium,
929 3271 962 3320 et
984 3259 1017 3318 in
1037 3277 1151 3318 museo

406 3373 588 3439 Caesareo,
602 3349 605 3356 ⁴
621 3378 655 3425 et
670 3361 867 3426 Pembroclt.
872 3373 875 3378 “
892 3361 947 3440 (P.
961 3361 986 3425 1·
1003 3357 1066 3420 tab.
1083 3361 1151 3439 ιγ.)

405 3469 497 3530 Nihil
519 3467 556 3528 ad
590 3459 792 3546 singularem
811 3465 894 3526 banc
924 3459 1043 3522 barbae
1066 3461 1150 3541 peri·

346 3617 352 3628 .
406 3571 505 3633 atasin
551 3566 703 3626 obscurat
744 3563 939 3648 Banduriua.
998 3563 1049 3624 An
1089 3559 1152 3622 tuis

406 3686 555 3753 tempus,
588 3687 653 3753 quo
684 3643 816 3728 barbam
847 3663 926 3727 aluit
948 3682 1040 3725 more
1062 3673 1151 3726 vete·

404 3793 478 3838 rum
510 3789 604 3834 causa
628 3767 774 3850 gravium
804 3767 1035 3840 calamitatum,
1067 3784 1149 3847 quae

403 3873 579 3957 imperium
611 3889 830 3944 concussere,
859 3867 1034 3951 praecipue
1057 3881 1150 3949 capte

404 3976 488 4042 urbe
518 3990 668 4049 aeterna,
710 3991 848 4054 eamque
875 3967 985 4054 potnit
1016 3969 1076 4034 hac
1097 3989 1150 4032 re·

406 4077 523 4166 cepta?

633 4301 746 4361 Partes
764 4315 917 4359 enneae:
979 4329 982 4332 ·

468 4482 735 4548 conmonuit.
756 4479 888 4548 avec.
902 4480 1062 4551 ancus.
1080 4483 1150 4560 aab·

314 4771 321 4782 '
442 4696 472 4760 a)
492 4690 566 4750 ttett.
584 4689 682 4754 Vaut.
701 4691 733 4747 1..
753 4689 775 4750 Ι.
795 4709 820 4749 ο.
840 4703 865 4751 2.

1072 2225 1077 2234 .
1208 2130 1242 2192 in
1268 2129 1401 2196 Cst'valo
1384 2155 1425 2216 go
1455 2136 1559 2198 musei
1591 2135 1753 2216 d'Ennery
1784 2157 1857 2220 pag
1883 2139 1956 2220 ³93.

1209 2233 1309 2296 Addit
1336 2235 1406 2316 ejus
1431 2248 1563 2313 auctor,
1586 2253 1754 2320 repertum
1778 2259 1850 2302 ease
1870 2240 1957 2324 apud

1209 2337 1400 2412 Tolosates,
1438 2340 1494 2402 ubi
1530 2341 1687 2423 regnabat
1728 2341 1957 2406 'l'heodoricua

1208 2439 1390 2502 Gothorum
1422 2423 1498 2518 res,
1536 2445 1591 2524 qui
1629 2460 1762 2507 auctore
1794 2445 1955 2508 Fert-eras

1207 2541 1293 2603 circa
1312 2551 1374 2624 449
1391 2541 1489 2604 liliam
1507 2565 1595 2606 suam
1623 2546 1795 2608 collocarit
1816 2547 1957 2610 Rachia·

1208 2643 1260 2702 rio
1280 2642 1347 2704 lilio
1364 2645 1541 2726 Bechilne,
1564 2647 1748 2712 Sacrorum
1768 2652 1851 2732 regi.
1896 2629 1985 2712 Ta·-

1209 2745 1333 2822 ninius,
1372 2749 1427 2830 qui
1457 2749 1598 2811 eundem
1631 2773 1762 2813 numum
1801 2751 1956 2824 restituit,
2042 2764 2047 2772 “

1209 2845 1296 2908 addit
1319 2861 1458 2913 tantum:
1497 2835 1680 2916 Richterius
1702 2857 1880 2918 Succorum
1897 2875 1959 2918 rear

1207 2953 1243 3010 a‘n
1255 2972 1381 3012 martum
1435 2975 1487 3014 um
1496 2959 1591 3031 pacis
1599 2959 1682 3017 hone
1691 2959 1887 3034 stupratorem
1901 2977 1959 3017 nar»

1209 3073 1293 3112 munt
1314 2965 1479 3130 perclilere
1496 3059 1611 3132 jussit.
1654 3056 1795 3122 l'bcrius
1819 3075 1959 3116 eramen

1208 3151 1292 3212 haud
1313 3151 1410 3214 dubie
1426 3158 1641 3238 promeritum
1658 3173 1707 3218 cst
1725 3157 1853 3219 illustre
1866 3156 1955 3220 istud

1207 3249 1392 3328 cimelium,
1422 3277 1528 3338 neque
1555 3269 1618 3318 tam
1639 3259 1869 3339 'perfunctorie
1901 3257 1958 3319 ad·

1207 3333 1463 3434 se1e1·edecuit,
1486 3359 1647 3439 signatum
1670 3362 1768 3422 luisse
1791 3359 1960 3422 allechia·

1207 3457 1258 3518 rio
1290 3455 1490 3522 Theudorici
1493 3482 1664 3574 genero.
1722 3463 1787 3526 Hic
1818 3461 1956 3526 testibus

1207 3557 1316 3620 ldacio
1338 3572 1371 3620 et
1394 3537 1518 3620 laidort
1532 3563 1690 3626 chronico
1717 3585 1854 3648 regnum
1875 3567 1959 3628 Sue·

1208 3681 1322 3720 vorum
1350 3661 1382 3720 in
1407 3663 1561 3744 Hispania
1584 3663 1685 3726 adivit
1709 3686 1793 3726 anno
1818 3675 1901 3742 447,
1924 3681 1958 3728 at

1206 3763 1393 3838 Honorius,
1422 3765 1474 3824 cui
1502 3785 1618 3827 numus
1649 3765 1854 3838 inscribitur,
1887 3767 1956 3828 luto

1207 3863 1337 3928 functus
1357 3863 1419 3944 jam
1441 3880 1490 3926 est
1505 3888 1589 3928 anno
1607 3868 1682 3942 423.
1714 3871 1857 3936 Necesse
1872 3889 1956 3951 ergo
2029 3934 2032 3940 Δ

1207 3981 1274 4040 eat,
1297 3989 1429 4032 numum
1452 3969 1538 4030 hunc
1554 3969 1723 4052 pertinere
1747 3971 1786 4028 ad
1809 3970 1954 4052 aliquem

1207 4051 1390 4165 Succorum
1411 4091 1525 4152 regem
1551 4071 1696 4150 ejusdam
1715 4069 1874 4148 nominis,
1896 4071 1957 4156 qui

1175 4203 1182 4208 ·
1204 4171 1386 4253 imperante
1412 4174 1564 4235 Honorio
1594 4173 1680 4234 inter
1706 4193 1801 4246 suos,
1824 4187 1878 4234 ant
1898 4193 1956 4238 co·

1204 4294 1277 4336 runa
1302 4290 1428 4358 partem
1445 4295 1583 4356 regnum
1610 4275 1810 4352 obtinuerit,
1832 4276 1954 4360 cuique

1206 4395 1279 4440 cre
1296 4377 1397 4440 visum
1416 4377 1533 4451 fuerit,
1556 4377 1643 4440 hunc
1655 4377 1955 4462 Augustumpalam

1206 4479 1393 4544 observare.
1437 4477 1566 4542 Eodem
1599 4479 1697 4542 modo
1728 4480 1834 4544 serius
1863 4479 1956 4544 ride·
