4230 5494
606 538 611 548 ,
740 463 1031 544 IVLIANVS
1074 469 1121 544 ll.

1633 482 1706 581 'teo

154 626 450 737 q‘neetlllyricnnt
474 655 623 729 occupat.
667 645 746 707 Erat
772 667 834 730 pro
850 645 901 708 so·
955 649 1135 716 edbellnm
1158 651 1328 716 Persicum
1353 670 1484 736 cotnes,
1513 649 1703 746 aequissimi

149 754 241 818 ribus
265 751 388 815 bellom
423 743 542 810 iter'nm
566 745 664 808 civile
694 760 807 823 atrox,
836 747 899 812 nisi
954 751 1150 836 virjndioii,
1180 773 1217 816 se
1235 757 1382 834 consilii,
1404 757 1496 821 illino
1519 763 1597 825 Aur.
1619 765 1703 829 Pruss

142 853 363 926 Constantio,
403 847 606 938 qnipeemuli
639 845 763 910 sucinos
794 848 899 910 ultum
956 851 1104 934 dentins,
1139 855 1262 937 juratus
1292 872 1384 922 certe
1405 859 1614 940 polytheismi
1646 865 1704 930 ho·
1803 840 1805 850 .

149 956 269 1034 iterat,
293 952 465 1036 incilicia
484 949 640 1012 defuneto
655 945 783 1010 llamms
810 961 901 1012 rese·
956 954 1032 1032 stis,
1054 957 1145 1037 cnjus
1165 957 1205 1018 de
1225 959 1350 1024 lulieno
1362 957 1517 1044 judicium
1537 963 1629 1032 lubet
1651 967 1705 1032 ltic
1741 980 1743 992 '

150 1057 264 1120 disset.
306 1058 412 1118 Hoste
436 1065 565 1114 remoto
592 1049 680 1112 solus
698 1050 768 1132 ipse
790 1053 898 1134 tugu-
954 1077 1144 1140 proponere
1162 1061 1212 1144 ,Ψ

150 1173 218 1220 stus
238 1153 544 1234 Constantinopolin
561 1151 692 1212 nemine
721 1151 899 1216 obsistente

148 1259 267 1334 intrat,
303 1269 337 1318 et
361 1243 521 1318 renovato
545 1273 618 1315 eum
645 1254 770 1336 Sapore
798 1258 900 1320 Persa

149 1358 239 1422 ltello
265 1359 378 1420 moltis
397 1359 460 1440 jam
489 1353 590 1440 neptis
612 1347 746 1416 orbib'ns
769 1355 899 1438 longius

149 1459 355 1522 inhestienm
374 1478 587 1542 progressus,
610 1471 641 1518 at
658 1473 898 1521 commeatuum

150 1562 258 1642 inopia
274 1561 386 1625 redire
402 1571 550 1633 coactus,
573 1556 803 1620 dominicatos
823 1581 899 1644 qua·
933 1639 939 1650 ἱ

152 1683 345 1748 quaversnm
371 1663 489 1724 Persas
515 1661 546 1723 ri
567 1659 750 1742 reprimere
773 1660 896 1740 nititur,

151 1761 286 1826 fortuito
310 1762 379 1826 telo
402 1764 486 1825 ictus
504 1781 544 1822 ex
566 1760 704 1824 volnere
725 1763 759 1822 in
784 1764 898 1824 castris

152 1863 282 1927 decedit
300 1863 355 1925 die
371 1863 474 1928 XXV.
490 1862 572 1922 lunii
592 1863 630 1926 V.
651 1865 686 1926 C.
710 1863 788 1924 tttl)
801 1863 838 1924 P.
855 1866 896 1927 X.

152 1967 209 2029 3⁶3
223 1986 312 2028 anno
330 1965 443 2026 aetatis
460 1963 591 2025 xxxtt.
610 1962 727 2048 inipso
744 1964 826 2026 adeo
850 1963 897 2045 jn·

153 2067 293 2130 reototis
311 2063 412 2140 llors,
437 2081 470 2130 et
489 2065 522 2126 in
550 2063 658 2128 medio
681 2065 837 2146 hectenns
853 2065 898 2132 ti·

153 2169 328 2232 morionum
351 2187 459 2230 eursu.

213 2269 314 2362 Quod
326 2271 365 2330 *in
382 2265 593 2331 Constantino
607 2267 653 2328 tt.
683 2267 833 2332 evenisse
850 2267 898 2330 di·

153 2371 274 2446 ximns,
314 2392 411 2454 quem
443 2367 596 2451 religiosa
623 2369 764 2452 portium
793 2368 898 2434 stntlis

153 2487 205 2534 ant
224 2471 325 2534 coelo
345 2471 508 2542 intulere,
539 2483 593 2531 aut
618 2469 726 2534 Furiis
750 2472 898 2534 excruci-

999 1261 1204 1344 stinct'pibus
1223 1275 1329 1328 sanun
1347 1286 1365 1327 e
1381 1271 1505 1333 cunctis
1521 1289 1584 1332 non
1603 1273 1709 1352 deficis

1404 1389 1486 1430 unus

999 1465 1052 1526 Me
1066 1482 1189 1544 puero,
1210 1475 1249 1530 ut
1268 1471 1413 1546 memini,
1436 1457 1708 1554 ducior'sortt'ssr'·
1796 1509 1803 1528 ι

1398 1590 1469 1630 mua
1487 1576 1602 1651 ermis,

1000 1667 1149 1730 Conditor
1177 1679 1211 1731 et
1238 1673 1362 1750 lepram,
1396 1673 1619 1734 celeberrimus
1650 1693 1706 1736 ore

1293 1819 1300 1830 ,
1397 1773 1575 1854 mimasque,
1810 1853 1814 1859 Π

998 1865 1165 1931 Consulton-
1183 1871 1329 1946 patriae,
1363 1876 1421 1944 sed
1435 1875 1516 1936 'uon
1541 1877 1704 1938 consultor
1804 1855 1809 1862 ⁸

1390 1975 1561 2044 ‚habeadus
1774 2049 1777 2056 1

995 2067 1197 2148 Bellipionis,
1217 2091 1331 2132 amans
1344 2083 1517 2136 tercentum
1534 2077 1704 2137 scillitani-

1395 2193 1488 2249 oum,

972 2280 975 2288 ’
998 2269 1138 2352 Perfidus
1154 2272 1303 2349 illeDso,
1325 2277 1471 2362 querceis
1489 2291 1552 2336 non
1564 2279 1704 2356 perfides

1353 2405 1357 2416 ·
1397 2375 1487 2452 orbi,
1510 2385 1568 2436 cte.

153 2572 271 2636 endum
300 2573 515 2646 commisere,
545 2567 633 2634 idem
658 2585 692 2636 et
714 2572 748 2634 in
772 2571 898 2650 loliano
1017 2571 1069 2634 Ex
1094 2589 1190 2654 sense
1211 2569 1313 2654 igitur
1334 2573 1467 2638 criticae
1497 2575 1643 2660 legibus,
1676 2580 1703 2639 si

154 2674 286 2738 enesim
311 2695 446 2736 necesse
465 2671 546 2748 suit,
568 2693 609 2736 ex
631 2665 695 2758 qno'
717 2673 897 2758 repudiatis
955 2671 1191 2758 amplectamur
1213 2692 1267 2750 es,
1297 2695 1379 2758 quse
1405 2675 1580 2740 Christiani
1607 2680 1640 2744 in
1661 2697 1704 2743 so

153 2778 256 2860 palam
272 2776 395 2840 Christi
410 2776 510 2838 sacris
528 2791 675 2838 veterem
697 2775 899 2858 superstitio-
955 2773 1132 2850 laudanda,
1168 2795 1252 2860 quae
1282 2775 1462 2840 adversarii
1490 2778 1704 2866 vituperanda

154 2898 225 2941 nem
250 2878 428 2942 revocavit.
472 2875 660 2940 Cavendum
684 2875 785 2958 igitur
800 2877 898 2940 'cotn-
956 2874 1098 2952 duxere,
1122 2875 1423 2962 lierinonpoterit,
1444 2865 1521 2962 quin
1539 2882 1701 2944 sinceram

152 2982 283 3064 primis,
305 2998 348 3040 ne
372 2979 405 3052 in
428 2975 611 3068 judicandis
634 2977 750 3040 loliani
772 2977 899 3042 meritis
953 2977 1146 3055 habeamus,
1186 2971 1440 3064 germanamque
1475 2980 1591 3043 Iuliani
1624 2981 1705 3044 ims-

153 3081 299 3143 sutsolis
321 3095 449 3146 utamur
472 3101 586 3148 eornm
610 3077 820 3156 testimoniis,
843 3079 899 3164 qui
955 3076 1077 3164 ginem.
1119 3076 1274 3154 Accedit,
1298 3079 1504 3162 quodetiam
1528 3081 1704 3146 hisnemo·
1821 3087 1823 3096 “

155 3181 337 3245 Christiana
363 3203 455 3248 sacra
470 3179 614 3268 amplexi
639 3197 733 3259 sunt,
756 3200 837 3266 ques
852 3182 900 3242 in·
953 3181 1010 3256 tis,
1045 3201 1111 3264 quo
1132 3179 1191 3242 iile
1212 3177 1312 3242 inerit
1331 3165 1461 3256 animo,
1492 3203 1556 3266 que
1574 3181 1699 3256 indole,

152 3297 204 3346 tet·
223 3284 403 3368 praecipue
427 3282 615 3348 nominandi
638 3281 819 3366 Gregorius
835 3281 913 3344 tta-1
954 3281 1179 3366 incorruptum
1205 3279 1299 3343 nobis
1322 3281 1532 3366 suppeditent
1559 3281 1703 3346 testiino-

153 3386 346 3458 sinnmun,
375 3400 543 3470 totumque
572 3384 767 3470 scriptorum
791 3381 897 3446 eccle·
952 3384 1041 3445 nium
1068 3382 1138 3463 ejus
1169 3381 1268 3466 ipsios
1295 3382 1434 3464 scripte,
1473 3403 1556 3466 quse
1580 3383 1704 3468 insigni

154 3485 358 3548 siasticornm
389 3508 525 3572 agmen,
570 3500 625 3550 sot
652 3487 731 3550 solis
761 3505 903 3559 eornm,
952 3503 1092 3546 numero
1111 3484 1151 3546 ad
1174 3497 1318 3548 nostram
1337 3504 1440 3568 usque
1463 3499 1605 3552 setatem
1627 3505 1703 3570 per·
1836 3539 1843 3562 ,

154 3587 208 3668 qni
235 3585 375 3648 deornm
405 3581 669 3672 cultum'longe
699 3586 899 3670 praetulere,
956 3605 1088 3650 tenere.
1495 3645 1498 3654 ,

156 3707 234 3770 quos
253 3685 344 3748 inter
362 3687 457 3751 facile
478 3689 600 3752 eminet
618 3690 773 3751 Libanins
792 3687 901 3770 sophi·
1018 3685 1079 3748 His
1110 3686 1137 3748 si
1166 3685 1310 3750 lontibus
1341 3683 1381 3750 ad
1404 3707 1532 3752 oausam
1554 3705 1701 3759 nostram

153 3801 209 3850 sta.
253 3787 330 3882 Quo
353 3789 387 3849 in
407 3793 548 3872 partium
573 3789 727 3852 eonllietu
745 3788 832 3852 istud
849 3807 901 3852 ac·
956 3803 1106 3863 utemur,
1130 3789 1364 3852 convincentur
1382 3789 1502 3862 iseile,
1532 3791 1634 3856 inisse
1652 3795 1705 3856 lu·

154 3889 233 3952 cidit
264 3889 304 3952 ad
331 3903 461 3953 csossm
485 3885 636 3954 inostram
667 3905 899 3976 opportunum,
955 3889 1077 3951 lienum
1104 3912 1123 3954 s
1158 3889 1296 3950 libidine
1328 3889 1429 3976 longe
1457 3887 1702 3974 alienissimam,
1741 3945 1743 3948 .

157 3989 244 4078 qnod
262 3991 424 4056 interhos
442 3993 822 4078 ipsossuetoresloere,
844 3989 902 4074 qui
957 3991 1138 4076 frugalem,
1174 4011 1307 4076 parcum
1345 3993 1492 4056 ciborum
1521 4005 1554 4054 et
1586 3997 1703 4073 somni,

154 4093 269 4158 loliani
286 4107 321 4156 et
343 4094 479 4158 virtutes
495 4095 648 4180 aperiunt
666 4109 699 4158 et
715 4095 811 4172 vitia,
832 4113 902 4158 mo·
960 4107 1219 4176 contemptorem
1231 4111 1347 4172 opum,
1368 4107 1404 4156 ut
1413 4093 1445 4155 in
1464 4093 1633 4174 exigendis
1647 4095 1704 4157 tri-
1830 4119 1833 4128 ·

157 4195 263 4258 cerati
287 4203 385 4272 isne,
409 4209 449 4262 er
459 4198 557 4264 amici
580 4197 746 4272 veritatis,
769 4215 811 4258 ex
832 4194 903 4276 qni·¹
956 4195 1044 4260 botis
1069 4216 1134 4258 non
1157 4193 1349 4270 molestum,
1373 4193 1424 4263 ita
1438 4193 1470 4254 in
1494 4193 1702 4260 remittendis

154 4295 214 4358 bns
229 4293 408 4361 landandus
424 4300 602 4384 praecipue
613 4299 800 4363 Ammianus
815 4299 902 4362 Em
940 4287 1028 4362 ‘lisei
1051 4295 1168 4360 debitis
1196 4294 1346 4368 facilem,
1375 4306 1523 4360 tesscem
1548 4294 1725 4378 justitiaes

154 4395 296 4460 cellinus
315 4396 480 4464 idolorum
496 4401 568 4487 ipse
585 4401 710 4478 cultor,
731 4413 766 4464 et
784 4396 901 4462 loliani
957 4399 1042 4464 etsi
1066 4419 1128 4484 qna
1153 4395 1314 4461 alissunt
1338 4393 1529 4461 decores:
1556 4397 1702 4482 philoso-
1745 4424 1751 4438 κ

160 4581 1694 4624 *unu—mmm

191 4718 226 4788 i)
243 4714 275 4774 in
291 4713 457 4794 Apotheosi
476 4735 503 4774 v.
521 4721 585 4790 449.
745 4765 750 4773 .
952 4725 963 4734 “
1305 4719 1308 4726 '

255 4805 471 4892 (nerlu.)
573 4831 583 4846 ·
926 4855 934 4864 .
1071 4855 1079 4866 .
1135 4833 1138 4842 ·
1470 4805 1503 4866 R
