4226 5500
533 625 613 702 an
646 621 944 702 vouvuun
979 624 1313 732 sncvnnvnt
1644 659 1694 732 ,aa

141 802 224 866 lium
245 793 332 864 istud
353 817 372 862 a
393 807 504 861 nostra
520 787 890 882 Macedoniaa'ttaapoli
1088 800 1190 867 Ede.
1207 803 1315 868 culm.
1330 815 1408 883 post
1425 805 1484 867 liu.
1501 803 1548 872 tl).

613 1031 616 1036 ,
665 1033 667 1038 ,
810 1053 812 1060 y
1141 929 1525 1026 Acherram

282 1107 387 1189 R77.
403 1104 468 1169 col.
485 1125 511 1170 ι.
525 1117 605 1190 post
623 1105 684 1174 lin.
701 1123 750 1172 ae.
1007 1101 1110 1187 Regia
1134 1103 1230 1186 hujus
1250 1095 1319 1169 bini
1338 1103 1472 1168 haudita
1491 1105 1620 1191 pridem
1635 1109 1689 1172 de·

140 904 186 969 sit
198 899 388 996 urendum.

941 1203 1025 1266 teeti
1042 1217 1116 1266 aunt
1129 1206 1234 1268 nantis

413 1263 630 1332 sommi
715 1319 721 1334 ·
1011 1307 1119 1388 Caput
1133 1307 1288 1371 Herculis
1300 1309 1474 1372 barbatum
1489 1309 1597 1375 leonis
1611 1313 1706 1384 exn·-

207 1409 277 1476 Sita
310 1409 346 1472 iu
374 1407 588 1472 Chersoneso
615 1408 763 1479 Pallene.
802 1408 887 1492 'Eius
946 1407 1010 1467 viis
1033 1419 1165 1471 tectum.
1200 1407 1382 1473 aeAEPO.
1398 1413 1512 1492 Lupus
1531 1415 1691 1477 dimidius

140 1521 277 1598 praeter
299 1511 381 1575 alios
404 1509 577 1594 aliquoties
599 1511 748 1574 meminit
766 1512 889 1574 Demo·
943 1507 1077 1587 aliquid
1087 1513 1258 1588 devorans,
1272 1513 1532 1594 supernaclnva.
1549 1513 1620 1578 AR.
1633 1517 1691 1579 111.

141 1617 278 1680 sthenes
299 1614 335 1676 in
356 1612 504 1676 oratione
526 1611 597 1678 adv.
613 1613 790 1679 Lacritum.
815 1615 889 1676 Aa·
1015 1611 1122 1690 Caput
1147 1613 1293 1690 juvenile
1309 1613 1398 1693 pileo
1417 1623 1549 1674 tectum.
1576 1611 1692 1678 tatt-

142 1730 313 1780 eonomum
334 1735 442 1799 nuper
463 1713 565 1778 edidit
589 1714 737 1778 Sestiuus
759 1735 800 1778 ex
822 1735 892 1776 mu·
946 1705 1085 1776 P0ss0.
1101 1712 1216 1792 Equus
1229 1713 1430 1776 subsultuns.
1451 1713 1522 1778 ΑΕ.
1539 1716 1595 1779 111.

142 1835 203 1878 sco
239 1815 500 1900 Consideryauoa
539 1818 692 1900 (Lettere
724 1803 764 1880 '1⁴-
785 1815 827 1885 V.
852 1836 890 1899 ¹1),
1010 1811 1134 1875 Nomas
1158 1815 1250 1898 prior
1275 1827 1424 1878 servatur
1441 1814 1482 1876 -in
1507 1835 1620 1879 museo
1643 1821 1689 1882 Μ.

141 1919 277 2000 LXIV.)
739 1945 742 1950 ·
947 1913 1059 1976 Ducis.
1099 1916 1179 1976 Cum
1193 1913 1276 1977 illud
1297 1911 1487 1978 aute'snnos
1503 1917 1690 2002 complures
1784 1953 1793 1968 .

210 2021 319 2102 Caput
347 2021 498 2084 Veneris.
534 2013 562 2078 ’ἱ
590 2012 890 2084 ΣΚῙΩΝΑῙΩΝ.
941 2011 982 2074 iu
1006 2013 1155 2078 ordinem
1169 2017 1378 2102 redigerem,
1404 2017 1532 2082 illustre
1552 2021 1616 2083 hoc
1631 2043 1693 2084 ,naa-
1812 2105 1816 2112 .

143 2122 244 2183 Duae
260 2121 436 2184 columbae
456 2121 523 2182 sibi
543 2120 724 2182 obviantes.
745 2120 817 2184 ΑΕ.
834 2123 889 2182 ΙΠ.
947 2115 1060 2180 misma
1087 2132 1224 2202 propter
1253 2119 1433 2202 scripturae
1462 2121 1690 2202 parsimoniam

208 2221 369 2306 spectatis
387 2221 471 2304 typis
490 2241 607 2283 numus
629 2221 682 2284 hic
705 2221 818 2283 similis
840 2234 891 2284 cst
945 2217 1026 2278 mihi
1060 2218 1207 2302 ignotum
1234 2220 1268 2282 iu
1295 2221 1495 2292 incertorum
1516 2223 1688 2286 mationem

141 2323 213 2400 illi,
240 2343 339 2408 quem
361 2322 510 2386 Goltzius
532 2321 646 2384 tribuit
667 2322 890 2410 Curio·Cypri
944 2319 1088 2402 reposui.
1116 2323 1160 2382 At
1182 2343 1257 2383 eum
1274 2322 1317 2384 cl.
1333 2322 1441 2384 Abbas
1459 2323 1605 2387 Sestinua
1625 2345 1688 2406 ope

140 2425 258 2490 adficta
281 2423 435 2487 nimirum
458 2424 636 2508 epigraphe
658 2420 887 2501 KTPIEnN,
945 2420 1079 2484 alterius
1089 2421 1186 2498 numi,
1204 2422 1504 2507 qniporrectiorem
1514 2423 1612 2488 habet
1623 2426 1693 2510 epi·

140 2549 217 2593 cnm
246 2539 354 2590 tamen
381 2525 482 2588 lectio
513 2525 670 2609 genuina,
707 2525 769 2588 etsi
795 2525 888 2589 nullo
947 2521 1111 2606 graphan,
1129 2523 1273 2586 feliciter
1287 2524 1688 2610 explicavit,docuitque,

140 2627 319 2707 sensn,.sit
334 2621 480 2703 om,
497 2625 626 2709 qualem
643 2625 790 2709 praefert
805 2627 889 2689 iute-
944 2636 1119 2708 utrumque
1149 2625 1358 2712 tribuendum
1381 2626 1516 2710 Aeropo
1539 2628 1691 2692 Macedo-

141 2730 307 2816 gerrimns
327 2728 434 2791 musei
450 2726 620 2804 Caesarei,
644 2726 766 2810 quibus
789 2747 831 2790 ex
851 2727 890 2788 li·
945 2724 1019 2788 niae
1040 2725 1124 2808 regi.
1158 2727 1255 2790 Alter
1280 2749 1402 2790 aeneus
1428 2727 1468 2790 ah
1492 2728 1689 2794 amicissimo

139 2833 236 2911 teris,
252 2829 663 2915 utsuspicstanestinus,
683 2825 889 2890 nullomodo
947 2827 1027 2888 mihi
1053 2826 1254 2905 Cossineryo
1282 2827 1360 2890 olim
1383 2819 1522 2891 ditionis
1542 2829 1688 2895 Gallicae

137 2935 279 2998 formari
300 2945 410 3018 potest
430 2930 530 2994 lectio
546 2913 738 3012 retrograda
751 2921 887 2994 ΣΚΙΩ.
943 2928 1032 3013 apud
1056 2928 1323 2992 Thessalonicam
1346 2944 1559 3012 procuratore
1576 2953 1690 3016 reper-

139 3039 284 3100 Monere
297 3054 434 3098 necesse
449 3052 517 3096 non
536 3046 604 3110 est,
625 3033 793 3100 Venerem
814 3050 888 3094 suas
941 3043 996 3092 tus
1020 3043 1071 3092 est
1101 3051 1205 3114 prope
1235 3032 1447 3117 Amphipolin
1475 3033 1689 3097 Macedoniae

141 3137 295 3204 comitari
311 3134 490 3202 columbas.
943 3132 1071 3196 urhem.
1094 3134 1184 3196 Haec
1206 3134 1366 3218 exipsius
1388 3135 1508 3198 Sestini
1526 3155 1690 3200 commen·

943 3235 1033 3298 tariis
1056 3233 1178 3317 accepi.
1196 3236 1347 3317 (Lettera
1367 3239 1461 3298 Tom.
1473 3222 1513 3304 V.
1532 3261 1564 3321 p.
1581 3241 1669 3320 Vll.)

307 3321 409 3386 ἦθ’·
427 3321 535 3384 ΝΜ·
554 3315 733 3381 “Min-W
1010 3335 1193 3420 Antequam
1227 3335 1366 3401 delinire
1399 3338 1593 3423 aggredior,
1635 3341 1690 3404 cni

206 3445 326 3506 Narrat
350 3441 394 3507 cl.
418 3439 582 3515 Sestiana,
606 3438 758 3520 (Lettere
786 3437 825 3503 Τ.
846 3435 888 3505 V.
940 3437 1098 3521 Aeropo,
1121 3460 1195 3501 num
1210 3440 1322 3522 plures
1336 3440 1370 3501 in
1386 3440 1576 3505 Macedonia
1593 3441 1689 3506 inere

139 3569 173 3630 p.
186 3543 355 3626 xxm.)
375 3562 416 3605 eo
432 3542 526 3619 loeo,
541 3560 605 3626 quo
624 3537 705 3604 haec
721 3541 890 3622 Uranopo·
946 3540 1009 3602 hoe
1032 3540 1163 3603 nomine
1185 3561 1302 3625 reges,
1326 3539 1387 3604 hos
1409 3562 1525 3606 numos
1545 3543 1691 3607 trieben·

141 3648 185 3708 lis
204 3645 315 3722 stetit,
335 3657 487 3730 repertos
504 3642 605 3706 fnisse
626 3663 741 3705 numos
766 3641 889 3705 similes
947 3640 1006 3703 dos
1022 3642 1219 3719 existimem,
1234 3663 1370 3706 necesse
1385 3657 1474 3728 puto,
1491 3665 1602 3710 veram
1616 3647 1690 3728 ejus

140 3749 350 3833 complures,
379 3744 567 3830 exquibus
593 3743 645 3804 illi
671 3763 801 3820 omues,
833 3743 888 3828 qui
946 3743 1086 3806 nominis
1132 3745 1396 3828 orthographiam
1441 3745 1605 3827 stabilire,
1651 3762 1690 3814 et

139 3851 249 3915 illaesi
271 3850 386 3926 fuere,
405 3846 555 3931 inscripti
578 3857 670 3908 sunt:
696 3839 889 3908 OTPANI·
945 3859 1085 3930 utroque
1100 3845 1164 3912 hoc
1180 3869 1278 3911 numo
1294 3847 1499 3912 confirmare.
1523 3849 1688 3914 Auctores

140 3948 261 4015 ΔΩΝ.
282 3944 508 4036 ΠΟΛΕῼΣ,
529 3947 564 4010 id
589 3961 658 4011 estu
684 3947 763 4011 urbs
786 3948 889 4009 coele·
944 3949 1082 4026 Graeci,
1105 3950 1160 4035 qui
1178 3969 1314 4033 regum,
1331 3949 1447 4034 quibus
1463 3949 1549 4012 istud
1567 3970 1690 4014 nornen

137 4059 260 4129 stium,
291 4073 350 4116 seu
378 4051 631 4125 coelicolorum,
666 4047 782 4112 eodem
813 4049 885 4114 iere
942 4049 1021 4128 init,
1043 4051 1242 4128 meminere,
1265 4051 1470 4127 Herodotus,
1493 4052 1687 4132 (L.v111.c.

138 4175 239 4218 sensu
269 4176 343 4219 cum
371 4145 630 4216 ΟΤΡΑΝΙΑΣ.
660 4145 885 4227 ΠΟΛΕΩΣ,
947 4152 1034 4234 139.)
1050 4151 1216 4217 Diodorus
1234 4151 1372 4226 Siculas,
1400 4153 1456 4233 (L.
1473 4149 1601 4224 ΚΝΑ).
1618 4155 1688 4237 37.)
1822 4233 1824 4240 ⁴

137 4273 175 4320 nt
192 4255 294 4334 adeo,
309 4276 392 4340 quae
411 4253 573 4339 sequitur,
592 4251 782 4334 explicatio,
798 4253 886 4317 salva
941 4255 1136 4336 Polyaenus,
1162 4255 1315 4338 (Stratag.
1324 4255 1364 4320 L.
1373 4255 1412 4316 11.
1430 4256 1537 4335 a.17.)
1559 4269 1593 4318 ot
1609 4253 1688 4320 Plu-

137 4361 244 4443 possit
262 4377 468 4444 permanere.
498 4358 570 4418 Hac
591 4375 673 4439 ergo
695 4353 784 4418 urbis
807 4375 884 4418 suae
941 4357 1072 4430 turchos
1096 4357 1145 4438 (in
1166 4357 1338 4421 Demetrio
1356 4377 1389 4440 p.
1402 4377 1445 4417 m.
1461 4356 1551 4440 897.)
1578 4359 1689 4446 unani·

139 4462 360 4546 appellatione
385 4458 582 4522 monsdtho
600 4457 887 4540 scseOlympi'ri·
943 4457 989 4520 mi
1019 4477 1180 4522 censensu
1205 4459 1368 4544 scripsere
1388 4449 1540 4536 Αἐροπος,
1570 4460 1688 4546 quibus

139 4567 250 4629 nalem
279 4561 450 4647 professus
480 4571 545 4636 est,
579 4558 699 4643 dignus
734 4560 888 4622 nimirum
944 4558 1020 4622 addi
1048 4571 1157 4643 polest
1184 4559 1265 4623 alius
1296 4559 1454 4646 quispiam
1476 4561 1612 4642 Αεςοπος
1643 4564 1690 4628 fa·

138 4681 280 4752 propter
298 4663 385 4729 coeli
401 4662 568 4738 viciniam,
591 4661 622 4722 in
643 4681 739 4746 quem
760 4683 795 4724 se
810 4683 889 4725 coc·
944 4659 1078 4724 miliaria
1103 4661 1223 4745 Pyrrhi
1249 4663 1396 4726 laudatus
1419 4663 1607 4730 Plutarcho.
1638 4668 1688 4750 (in

140 4773 243 4834 lentes
259 4767 384 4834 animae
403 4763 626 4828 demitterent.
943 4763 1072 4846 Pyrrho
1086 4785 1118 4848 p.
1137 4785 1177 4828 m.
1193 4763 1282 4847 387.)
1309 4767 1353 4828 At
1368 4765 1513 4830 Euschio
1535 4766 1570 4828 hi
1584 4769 1693 4832 Mace·
