4226 5500
454 591 514 644 att
765 571 897 654 NOT.
921 576 1035 648 ΙιΙΤ.
1066 573 1140 648 DE
1174 571 1282 650 108.
1306 574 1417 652 HIL.
1441 577 1687 656 Ecttfluu.

558 745 703 846 Quanta
719 744 832 822 enimi
849 745 1099 848 generositate
1118 763 1157 820 et
1173 744 1396 824 abstinentie
1407 747 1541 840 suerit,
1567 751 1681 823 multa
1696 747 1828 824 referri
1846 770 1998 850 possent

457 880 646 981 exempla,
667 880 734 954 sed
765 878 838 956 boo
869 907 985 954 unum
1014 879 1193 971 sufficiet,
1218 898 1260 954 ut
1288 879 1555 980 cognoscatur,
1581 861 1700 983 qualis
1719 883 1780 958 hio
1799 884 1854 958 vir
1873 885 1995 960 fuerit.

455 995 787 1114 los.Heyrenbacb
808 1015 975 1116 ejusdem
995 1013 1104 1106 olim,
1129 1015 1235 1116 cujus
1254 1015 1418 1106 Eobbel,
1443 1018 1482 1090 S.
1502 1019 1529 1094 I.
1552 1017 1767 1119 presbyter,
1790 1017 1829 1090 in
1852 1019 1994 1094 unirer·

455 1149 790 1226 sitate.Vieunensi
806 1129 975 1256 publicus
990 1149 1259 1252 praelectiones
1278 1177 1322 1224 e1
1343 1150 1510 1226 doctrina
1527 1127 1760 1251 diplomatica
1780 1151 1919 1230 babere
1939 1153 1994 1228 in·

453 1281 642 1374 stituerat,
680 1301 771 1386 quas
803 1283 993 1384 aliquanto
1022 1301 1189 1384 temporo
1219 1281 1395 1383 gratuitas
1421 1285 1669 1373 continuavit,
1704 1284 1791 1384 quia
1819 1284 1993 1362 cathedra·

452 1415 565 1516 hujus
586 1415 777 1494 doctrinas
805 1419 970 1494 nondum
988 1435 1068 1498 erut
1094 1417 1259 1492 fundata.
1294 1417 1436 1494 Eclebel
1458 1418 1592 1494 certior
1617 1418 1756 1510 factus,
1779 1417 1857 1493 viro
1881 1420 1989 1495 docto

450 1569 605 1652 propter
629 1551 871 1652 indigentiam
895 1553 941 1626 ab
963 1551 1021 1632 his
1042 1551 1376 1650 praelectionibus,
1404 1576 1499 1651 quae
1521 1552 1705 1628 studiosae
1727 1553 1909 1654 juventuti
1929 1580 1989 1628 ae·

451 1711 527 1785 que
544 1686 776 1762 necessariae
799 1713 844 1762 ac
862 1687 972 1762 utiles
991 1685 1214 1778 riderentur,
1238 1685 1502 1762 discedendum
1524 1687 1618 1778 fore,
1642 1687 1760 1787 ipsum
1785 1689 1989 1778 commovit,

449 1839 492 1894 ut
510 1819 661 1894 dimidio
684 1819 805 1894 salarii
826 1821 884 1894 sui
905 1837 1058 1920 accepto
1081 1819 1242 1895 doctoris
1261 1820 1425 1894 officium
1445 1819 1483 1892 in
1498 1819 1680 1918 publicam
1696 1820 1886 1896 utilitatem
1900 1847 1987 1896 con·

449 1953 622 2029 tinuaret.
653 1953 902 2050 Heyranbech
921 1953 994 2030 hoc
1011 1953 1285 2055 generosissimi
1304 1952 1413 2028 amici
1434 1953 1618 2040 beneflcio
1638 1953 1784 2055 adjutus
1801 1977 1919 2052 usque
1943 1956 1988 2029 ad

449 2105 605 2162 mortem
631 2085 746 2160 literis
776 2103 816 2162 et
845 2087 987 2189 patriae
1012 2087 1176 2188 profuit,
1200 2111 1272 2162 noc
1302 2087 1384 2187 ejus
1415 2105 1533 2162 morto
1562 2075 1752 2186 quisquam
1781 2088 1896 2186 magis
1925 2087 1986 2162 ad·

446 2219 570 2296 {lictus
592 2221 709 2311 visus,
734 2246 844 2320 quam
866 2220 964 2295 idem
985 2220 1069 2310 illc,
1095 2221 1160 2321 qui
1179 2221 1297 2295 visum
1321 2220 1527 2320 sumptibus
1547 2221 1917 2300 suis'sustentavcret.

462 2375 476 2392 ·
542 2355 610 2430 Vir
624 2353 736 2428 tantis
748 2353 942 2428 virtutibus
954 2354 1156 2452 praeditus,
1172 2371 1305 2454 totque
1316 2353 1454 2428 meritis
1466 2353 1621 2454 insignis
1639 2353 1768 2428 morbo
1785 2353 1986 2429 inflamma·

444 2487 542 2562 torio
566 2504 758 2586 correptus
779 2505 836 2560 est
855 2495 910 2572 16.
924 2489 1014 2590 Maji
1027 2491 1203 2586 Antwss
1215 2541 1227 2577 ,
1252 2488 1291 2562 in
1309 2488 1419 2563 domo
1442 2487 1551 2562 liberi
1560 2483 1713 2562 Beronis
1728 2487 1986 2578 deLocells,

445 2619 604 2694 celebris
630 2643 841 2718 graecarum
863 2619 1050 2696 literarum
1073 2621 1248 2714 cultoris,
1273 2621 1320 2697 ad
1344 2647 1454 2720 wem
1482 2621 1671 2697 visendum
1700 2647 1741 2696 sa
1767 2621 1985 2698 contulerat.

445 2753 520 2830 Ubi
541 2752 713 2828 valetudo
736 2757 817 2852 ejus
838 2770 992 2854 repente
1022 2755 1061 2826 in
1086 2773 1228 2830 tentum
1249 2753 1453 2856 periculum
1476 2753 1627 2846 incidit,
1651 2773 1693 2828 ut
1716 2754 1862 2829 domurn
1883 2780 1984 2830 auam

445 2887 572 2962 revehi
597 2887 781 2987 nequiret.
815 2889 890 2962 latu
911 2905 1063 2988 postero
1082 2889 1152 2964 die
1176 2890 1273 2965 inter
1300 2889 1488 2992 amplexus
1512 2888 1619 2966 amisi
1645 2888 1820 2964 carbsimi
1848 2914 1894 2964 ex
1912 2889 1986 2966 vita

444 3020 628 3112 decessit,
652 3047 787 3096 annum
810 3047 924 3121 agens
942 3022 1204 3122 sexagesimum
1221 3040 1373 3110 sextum.

544 3155 636 3256 Ejus
655 3155 797 3230 obitum
816 3156 884 3232 viri
903 3154 1039 3231 literati
1056 3180 1126 3257 per
1141 3183 1288 3230 omnem
1303 3160 1490 3258 Europam
1508 3157 1687 3232 luxerunt
1713 3154 1816 3232 Folia
1832 3155 1983 3254 publica

441 3287 538 3362 hunc
560 3291 806 3388 gravissimam
821 3287 1007 3364 literarum
1022 3292 1203 3392 jucturam
1221 3317 1298 3366 non
1313 3309 1518 3369 tacuerunt.
1551 3289 1819 3364 Illustrissiiuus
1836 3291 1980 3389 Heyne,

442 3423 507 3521 qui
530 3421 808 3498 Winltelmanni
834 3423 1048 3496 memoriam
1074 3425 1114 3497 in
1134 3426 1330 3502 Germania
1359 3385 1586 3526 panegyrido
1612 3423 1845 3524 eloquentiae
1865 3423 1980 3523 pleno

439 3554 719 3648 honestaverat,
744 3573 783 3632 et
801 3558 1197 3658 nostroArchaeologo
1213 3562 1311 3659 justa
1325 3560 1569 3661 persolvenda
1586 3557 1765 3659 suscepit,
1790 3581 1862 3632 neo
1882 3559 1980 3658 apud
2071 3599 2079 3678 ,ἔ

440 3707 582 3764 exteras
600 3705 734 3790 gentes
758 3689 957 3766 defuerunt
976 3693 1043 3770 viri
1062 3691 1180 3784 docti,
1206 3695 1389 3794 probique
1410 3693 1596 3770 literarum
1618 3695 1887 3781 aestimatores,
1914 3695 1979 3791 qui

437 3821 588 3922 publice
616 3822 898 3923 profiterentur,
937 3828 1167 3927 quantopere
1194 3825 1335 3939 Eolthel
1367 3845 1494 3904 noster
1522 3829 1569 3902 de
1598 3827 1788 3928 republica
1818 3825 1976 3901 literaria
2078 3867 2079 3920 3

437 3954 657 4054 promeritus
681 3957 822 4034 luisset.
860 3958 976 4060 Cujus
996 3961 1052 4034 rei
1074 3960 1333 4036 documentum
1356 3963 1450 4037 baec
1471 3962 1551 4066 ipsa
1575 3962 1705 4036 notitia
1729 3961 1889 4036 literaria
1909 3980 1976 4048 est,

437 4117 559 4188 quam,
578 4091 764 4182 aMilliuo,
789 4092 936 4166 Parisiis
957 4094 997 4166 in
1015 4095 1193 4171 societate
1208 4095 1474 4197 philomathioa
1487 4097 1573 4172 olim
1587 4095 1806 4196 praelectam
1824 4120 1869 4170 ex
1882 4095 1976 4168 idio·
2078 4131 2079 4156 κ

435 4241 530 4297 mate
552 4225 696 4302 Gallico
717 4226 830 4301 latine
851 4203 1007 4302 reddere
1031 4247 1070 4303 et
1094 4227 1197 4305 bisce
1214 4230 1485 4308 Additamentis
1503 4229 1707 4335 praefigere
1729 4254 1866 4332 operae
1892 4255 1977 4328 pre·
2078 4239 2079 4290 ἲ

438 4357 529 4430 tium
549 4358 664 4433 visum
686 4377 753 4433 est.

531 4491 777 4570 vindobonae
799 4485 973 4572 Calendis
994 4497 1153 4598 Augusti
1175 4469 1281 4584 teto.
