4226 5500
453 581 530 652 nn
554 577 811 652 rossano
845 577 1094 652 nruauro
1123 581 1361 654 nonnas.
1520 557 1525 564 '
1643 599 1682 650 rr

138 737 585 836 rumanecdotorum,
609 751 634 820 i.
655 775 686 822 s.
708 749 767 823 vel
798 748 1021 824 ineditarum
1042 747 1098 819 rel
1125 772 1317 846 perperam
1341 747 1601 847 explicatorum
1636 779 1684 826 er

137 883 307 958 omnibus
326 887 503 983 „Europae
526 885 700 982 antiquae
723 883 830 956 terris
856 881 1125 979 complectitur,
1159 882 1287 954 Altera
1310 908 1395 980 pars
1419 909 1552 958 numos
1572 885 1706 961 Asiae-

137 1037 174 1094 et
184 1019 347 1106 Africae,
373 1038 564 1118 praeterea
586 1043 737 1107 omnes,
764 1019 829 1116 qui
850 1017 953 1090 dubii
977 987 1040 1112 aut
1064 1016 1195 1088 incerti
1209 1034 1316 1104 sunt,
1344 1019 1523 1090 continet.
1549 1021 1592 1090 ln
1611 1019 1685 1093 boc
1794 985 1797 994 .

135 1177 251 1252 opere
272 1169 394 1226 tamen
414 1153 552 1226 Eelthel
577 1178 783 1252 perpaucos
805 1169 944 1226 tantum
966 1175 1097 1222 numos
1121 1152 1561 1224 veterumRomanorum
1585 1152 1684 1227 Con·
1772 1157 1780 1168 '

134 1285 275 1362 solares
294 1306 332 1362 et
345 1288 602 1386 imperatorios
620 1287 825 1384 descripsit,
843 1303 971 1385 utpote
990 1310 1144 1384 quorum
1165 1285 1316 1358 maxima
1335 1311 1420 1384 pars
1441 1288 1516 1386 jam
1536 1285 1686 1362 aliunde

134 1421 223 1496 satis
243 1423 401 1520 cognita.
423 1439 530 1494 esset.
565 1421 636 1492 Rei
660 1422 895 1494 illustrandae
918 1445 1028 1494 cause
1047 1420 1085 1491 in
1109 1419 1181 1492 line
1198 1423 1302 1493 XVII.
1323 1421 1468 1494 tabulas
1497 1422 1575 1495 aeri
1592 1421 1687 1497 inci·

135 1581 193 1630 aas
218 1555 380 1658 adjecit,
400 1583 497 1656 quae
516 1555 786 1630 maeltitudinem
811 1583 1004 1629 nemorum
1025 1554 1302 1635 adcuratissime
1330 1556 1603 1630 delineatcrum
1626 1583 1686 1631 re·

134 1708 392 1789 praesentant,
417 1707 457 1764 et
479 1716 525 1764 ee
545 1691 628 1790 ipse
646 1716 783 1790 genere
806 1691 951 1784 meriti,
976 1691 1077 1788 quod
1100 1693 1138 1762 iu
1162 1690 1266 1763 libris
1293 1691 1570 1766 numismaticis'
1584 1691 1691 1767 baud

133 1850 218 1898 raro
240 1817 490 1914 desideratur,
516 1826 640 1925 operis
659 1828 917 1924 praestantiam
941 1850 1165 1924 magnopere
1176 1844 1336 1923 *augent

232 1960 373 2034 Auctor
395 1976 533 2048 noster,
559 1985 656 2048 cum,
676 1959 749 2034 boe
763 1960 985 2034 sublimioris
1003 1959 1142 2057 ingenii
1168 1977 1205 2032 et
1229 1959 1421 2035 doctrinae
1443 1977 1687 2034 monumento

133 2108 281 2184 exacto,
307 2091 627 2168 famam-nominis·
652 2096 710 2168 sui
737 2099 778 2168 in
806 2094 995 2195 republica
1027 2094 1187 2171 literaria
1209 2096 1284 2193 jam
1316 2071 1458 2170 summe
1483 2094 1686 2186 extulisset,

25 2259 26 2262 ¹
131 2226 258 2326 paullo
287 2245 374 2328 post
400 2227 605 2328 speciosius
627 2228 749 2302 adbuc
770 2230 979 2330 systematis
1000 2229 1058 2302 sui
1085 2229 1292 2328 exemplum
1318 2227 1485 2303 exbibuit
1512 2231 1553 2302 in
1584 2229 1687 2304 edito

132 2361 311 2460 Catnlogo
330 2361 450 2438 Musei
468 2363 641 2438 Caesarei
661 2363 884 2437 Viennensis
910 2361 966 2459 Β),
993 2363 1096 2460 quod
1121 2389 1196 2436 non
1230 2379 1371 2434 tantum
1392 2364 1439 2437 ad
1464 2367 1581 2438 instar
1602 2365 1686 2436 Mu·

130 2496 186 2568 sei
207 2487 415 2570 Florentini
435 2497 687 2586 ordinaverat,
711 2498 779 2572 sed
800 2514 838 2572 ct
858 2498 1066 2598 permagnis
1086 2523 1279 2570 numerum
1305 2498 1486 2572 thesauris
1510 2498 1680 2600 locuple·

131 2645 281 2704 caverat.
307 2633 424 2704 Totus
452 2631 550 2704 enirn
575 2632 712 2707 officiis
740 2632 901 2706 muneris
931 2631 990 2705 sui
1016 2630 1185 2705 addictus
1211 2631 1349 2704 nullam
1380 2634 1679 2732 praetermiserat

132 2764 367 2840 occasionem
387 2765 507 2852 Musei
527 2767 633 2842 novis
652 2767 774 2840 nornis
794 2765 852 2840 vel
875 2764 1027 2839 coe‘mtis
1046 2765 1104 2839 rel
1124 2755 1343 2866 permutatis
1361 2767 1571 2868 ampliandi.
1598 2769 1683 2868 Quo

129 2901 233 2974 sacto
256 2917 294 2974 et
311 2923 444 2974 numos
464 2899 510 2974 ab
532 2900 716 3000 llgnero
734 2901 922 2989 collectos,
949 2917 987 2972 et
1005 2923 1137 2974 numos
1154 2901 1417 3000 Imperatorum
1438 2919 1633 3000 argenteos
1661 2927 1682 2973 a

129 3034 267 3108 comite
290 3035 470 3108 Ariosei
497 3053 696 3134 congestos
714 3036 973 3134 adquisiverat
1012 3035 1117 3135 Quae
1133 3050 1285 3134 propter
1302 3034 1423 3134 ampla
1444 3036 1566 3108 Musei
1586 3035 1681 3110 Cae·

128 3171 226 3243 sarai
247 3169 552 3246 vindobonensis
571 3169 821 3260 incrementa,
847 3194 929 3243 curn
954 3169 1028 3270 jam
1055 3185 1201 3242 veteres
1225 3167 1369 3244 indices
1399 3169 1619 3244 aFrdhlicb
1646 3187 1685 3244 ct

127 3303 240 3377 Ilbell
258 3304 458 3404 conscripti
474 3331 552 3377 non
572 3304 811 3394 suslicerent,
833 3301 976 3378 Eclrbcl
999 3328 1136 3378 norum
1162 3303 1262 3378 bunc
1281 3303 1496 3404 Patalogum
1517 3305 1683 3380 conden-

130 3437 220 3510 dum
243 3440 426 3538 suscepit,
453 3441 517 3537 qni
539 3439 783 3538 apr-imcrdio
811 3437 928 3514 solum
951 3435 1101 3537 quidem
1130 3439 1168 3510 in
1200 3465 1302 3512 usum
1317 3439 1436 3514 Musei
1459 3408 1677 3530 destinatus,

126 3589 260 3672 postea
276 3597 382 3663 vero,
405 3573 914 3676 urgentcneccssitate'typis
932 3557 1202 3665 mandatumst,
1232 3574 1341 3648 sicuti
1357 3573 1586 3674 praecedens
1598 3599 1686 3650 auc·

125 3707 219 3781 toris
237 3708 354 3782 nostri
373 3733 479 3807 epus,
507 3715 735 3806 August-ae
752 3709 1036 3808 imperatrici
1054 3710 1224 3783 Marias
1239 3709 1492 3790 ,Therasiae
1523 3709 1680 3798 dicatus,

125 3843 279 3942 publico
301 3843 437 3916 exstitit
467 3843 702 3932 documento,
735 3863 894 3945 quantus
915 3871 1108 3920 numerum
1129 3838 1372 3943 Augustae
1390 3843 1609 3920 liberalitate
1625 3869 1686 3919 ac·

126 3979 307 4054 crevisset
325 3979 538 4070 thesaurus,
565 3999 777 4082 meumque
797 3995 896 4054 esset
912 3979 1084 4054 Caesarei
1098 3979 1321 4076 Viennensis
1339 3979 1458 4052 Musei
1477 3979 1677 4078 opulentia.

122 4115 256 4212 ltaque
273 4113 419 4188 Ecltbel
432 4115 515 4214 jure
533 4116 710 4203 asseruit,
736 4114 877 4190 unllurn
899 4117 1073 4213 Europae
1089 4117 1256 4188 lrluseum
1289 4113 1451 4187 conferri
1471 4111 1683 4212 poss'cVin·

123 4249 555 4338 dobonensiCaesarec,
582 4249 653 4322 nisi
674 4245 772 4324 forte
793 4243 1016 4336 Parisinum,
1044 4248 1144 4346 qnod
1167 4248 1353 4321 immensis
1378 4247 1511 4349 opibus
1536 4263 1682 4321 tantum

123 4385 361 4473 inclaruerit,
386 4403 428 4458 ut
459 4409 544 4485 spes
575 4385 632 4456 vix
665 4384 847 4484 supersit,
873 4389 1105 4483 quacumque
1133 4399 1257 4478 ,aetate
1288 4399 1356 4457 aut
1385 4382 1682 4482 quibuscumque

122 4519 331 4620 sumptibus
364 4519 447 4620 ejus
467 4545 577 4620 posse
599 4517 829 4618 aequiparari
849 4519 1121 4618 praestantiam.
1155 4517 1296 4592 Eclthel
1317 4518 1486 4616 catalogo
1516 4490 1584 4592 suo
1599 4519 1682 4591 Vlll

119 4687 1673 4725 ww

158 4787 188 4857 a)
209 4781 372 4858 catalogus
389 4779 486 4840 Musei
500 4783 638 4840 Caesarei
654 4783 896 4843 vindobonensis
918 4803 1074 4844 numerum
1098 4795 1251 4852 veterum,
1272 4781 1445 4842 distributus
1467 4785 1497 4840 in
1520 4794 1621 4859 partes
1641 4781 1677 4839 ll.

212 4897 338 4956 quarum
350 4877 435 4953 prior
450 4892 598 4938 monetam
614 4879 749 4950 urbium,
770 4879 967 4958 populorum,
988 4899 1106 4957 regum,
1127 4878 1218 4938 ultera
1236 4879 1437 4939 Romanorum
1455 4877 1676 4955 complectitur·

213 4973 413 5036 vindobonae
431 4987 510 5050 1779.
532 4976 618 5034 Tomi
633 4975 670 5040 ΙΙ.
686 4981 716 5036 iu
732 4975 812 5035 solia.

1219 5087 1281 5160 'bs
