4236 5480
645 497 1257 612 uucvnuuoamutn
1339 579 1341 584 ,
1557 593 1562 604 ,
1655 515 1733 594 aon

172 691 368 754 innon-erat
390 687 555 772 Caligula,
588 699 624 750 ut
655 687 743 751 ittnd
773 701 925 767 tentaret,
1047 683 1151 767 Caput
1177 683 1405 770 'Augustorum
1445 691 1509 771 jam
1549 685 1730 772 bar-batum,

173 791 237 856 aad
273 788 424 856 cohibuit
462 789 614 854 animum.
657 792 717 855 De·
745 773 943 873 Etagabato'
982 783 1047 867 jam
1084 786 1244 852 imberbe.
1287 787 1433 854 ntendaa
1471 790 1591 856 barbae
1632 815 1734 860 cautu

170 893 448 978 lampridius-'yn
483 897 594 956 Voluit
617 895 668 955 uti
692 903 725 955 et
745 897 926 957 diademate
983 889 1045 950 alia
1076 889 1138 953 fuit
1157 889 1324 974 juventus,
1348 909 1390 951 ex
1412 892 1634 957 Romanorum
1666 919 1728 962 nau

170 1008 359 1081 yemmnto,
376 997 454 1078 quio
468 997 633 1074 pulchrior
642 997 750 1075 fieret,
772 1006 805 1058 et
820 997 926 1076 mnqia
983 991 1061 1054 buiu
1082 991 1247 1054 radendae
1269 991 1411 1056 nondum
1436 993 1569 1071 idonea,
1598 998 1660 1060 alia
1682 999 1732 1060 lu·

173 1103 221 1160 ad
232 1101 431 1179 seminarum
450 1097 571 1158 uultum
587 1105 699 1181 aglaa,
722 1115 784 1180 quo
801 1107 834 1159 et
848 1117 925 1158 naua
982 1105 1062 1154 utut.
1108 1094 1285 1180 Vtriusque
1303 1093 1489 1176 exemplum
1505 1097 1538 1157 in
1553 1101 1659 1164 uomit
1675 1101 1731 1162 do·

173 1203 338 1263 ardoni.
379 1195 546 1258 Hactenus
565 1215 668 1259 novur
684 1196 739 1258 hio
754 1197 861 1262 cuitus
879 1197 926 1256 in·
982 1191 1069 1256 diane
1086 1194 1732 1283 Oetnrianum,-notatimua·inejuamo'·

173 1315 225 1364 tra
248 1297 634 1385 cupiditatemoonatitit.
678 1297 860 1361 Atdiaorte
882 1297 924 1360 de
980 1309 1057 1358 neta
1069 1295 1110 1360 ad
1126 1317 1242 1358 annum
1256 1300 1296 1367 V.
1312 1296 1445 1380 C.7r7,
1469 1319 1533 1383 quo
1550 1301 1627 1365 locu
1643 1323 1731 1367 oum.

174 1399 356 1464 Aureliano
383 1399 502 1468 Victor
517 1435 519 1444 =
534 1400 678 1462 Sohotti:
708 1404 775 1462 lata
800 1403 925 1480 primur
981 1399 1189 1484 plorantium
1206 1397 1326 1460 donoc
1343 1401 1565 1466 Romanorum
1581 1403 1730 1470 inatituto

173 1505 266 1582 apud
287 1505 449 1565 Romanoa
471 1505 623 1563 diadem
643 1505 744 1580 cupiti
765 1505 923 1563 inuenerit,
981 1519 1048 1562 nou
1068 1499 1237 1570 violandae
1255 1519 1357 1582 unque
1383 1499 1425 1562 ad
1448 1517 1571 1567 certam
1590 1521 1731 1570 aetatem
1802 1495 1806 1501 ⁵

173 1605 300 1673 Verum
319 1602 410 1662 numi
431 1600 517 1664 iatud
538 1621 603 1663 uon
623 1597 826 1664 confirmant.
848 1599 924 1661 Fuit
981 1600 1101 1664 barbae
1135 1599 1357 1664 disseruimua.
1400 1603 1594 1667 barbatulus
1633 1609 1731 1672 etiam

174 1719 285 1768 tamen
312 1703 541 1768 Constantinus
562 1703 625 1778 M.,
663 1703 925 1786 quamprimum
982 1716 1119 1787 propter
1135 1701 1273 1766 eandem
1291 1724 1419 1774 nautam
1437 1704 1470 1764 in
1487 1709 1602 1790 primia
1623 1713 1731 1776 nomio

173 1829 269 1870 naum
306 1805 491 1870 diademato
520 1806 639 1888 partim
668 1823 770 1888 puro,
806 1805 926 1888 partim
983 1804 1313 1886 auiaiingiturNero.
1356 1807 1436 1870 Part
1460 1809 1495 1868 id
1520 1821 1648 1893 tempor
1673 1833 1732 1897 po·

173 1907 316 1992 gemmis
338 1907 491 1971 distinato
510 1920 671 1970 tentantur
687 1908 796 1982 numi,
820 1920 854 1969 et
872 1927 927 1970 au·
983 1907 1045 1970 rita
1073 1904 1190 1982 barba,
1238 1920 1273 1969 et
1298 1908 1346 1972 aio
1371 1909 1588 1994 imperatorer
1615 1935 1732 1978 omnea

173 2024 302 2085 etorea,
336 2027 417 2098 quoa
438 2010 472 2070 in
494 2009 591 2091 hujus
611 2021 744 2072 moneta
773 2006 924 2090 produxir
982 2009 1060 2072 inde
1086 2009 1127 2071 ab
1149 2011 1297 2092 Auguato
1326 2011 1436 2076 laurea
1461 2009 1605 2075 offerunt
1629 2033 1730 2099 ganan

175 2111 335 2176 Teatibua
362 2114 481 2175 iterum
511 2112 619 2175 uumia
650 2111 806 2196 deinceps
837 2129 926 2194 gem·
954 2179 958 2194 ι
983 2131 1087 2196 nuque
1107 2111 1148 2174 ad
1170 2109 1388 2188 Hadrianum,
1412 2113 1467 2196 qui
1489 2114 1631 2197 primun,
1655 2117 1731 2200 quia

172 2229 298 2280 matum
335 2215 399 2277 boo
434 2213 585 2278 diadema
612 2217 834 2296 Augustorum
858 2225 926 2274 tau·
981 2213 1116 2296 pubiioe
1128 2212 1368 2298 philosophiam
1387 2210 1555 2296 proferant
1571 2232 1639 2294 eat,
1659 2217 1732 2282 bar·

173 2329 241 2380 tutu
267 2317 375 2400 capita
397 2315 579 2391 decoravit,
601 2305 709 2400 n‘eilue
731 2316 849 2378 denunt
871 2333 927 2377 uo·
982 2314 1057 2377 bem
1082 2314 1249 2397 promisit,
1280 2329 1315 2376 ut
1342 2316 1481 2378 diximus
1503 2319 1535 2377 in
1556 2318 1652 2403 hujus
1674 2343 1733 2384 nn·

171 2437 332 2482 aevorum
348 2419 542 2502 aoriptorum
559 2419 691 2482 oraculo
703 2418 790 2480 idem
805 2416 926 2480 dooan·
982 2418 1064 2496 mia,
1084 2417 1175 2498 oujua
1193 2416 1382 2498 exemplum
1398 2421 1504 2482 renuti
1522 2439 1732 2486 ruoceaeoraa

171 2521 234 2594 tia,
258 2521 341 2597 etri,
362 2519 479 2596 uniit,
502 2540 569 2582 non
599 2521 705 2583 desint
730 2520 846 2598 etiam,
869 2517 926 2604 qui
983 2539 1114 2596 omnen,
1136 2516 1235 2581 medo
1257 2537 1319 2602 per
1340 2527 1483 2584 netatom'
1500 2521 1663 2600 licuisset,
1684 2523 1732 2589 vi·

171 2620 329 2686 traditam
354 2622 535 2686 doctrinam
558 2623 777 2697 confundunt,
800 2635 925 2706 otper·
969 2623 1045 2686 -rile
1068 2619 1155 2686 iatud
1177 2621 1277 2684 deout
1301 2623 1462 2690 aluerunt.
1506 2623 1558 2686 Ad
1579 2639 1732 2692 veterem

169 2723 334 2800 minuent,
356 2725 476 2808 quippe
498 2723 639 2810 quinon
661 2745 738 2788 raro
764 2722 925 2786 diadema·
982 2724 1105 2788 cultum
1136 2742 1209 2786 cum
1234 2723 1346 2787 redire
1368 2725 1481 2788 mallet
1501 2725 1732 2792 Constantino·
1801 2779 1803 2788 s

170 2827 214 2888 tia
236 2825 373 2890 nomine
393 2826 611 2912 quodeunque
631 2827 719 2910 regii
741 2824 854 2910 capitia
877 2825 926 2886 iu·
982 2831 1047 2905 bb,
1070 2824 1205 2892 barbam
1225 2824 1362 2907 ubjecit,
1385 2826 1469 2888 utin
1488 2827 1583 2908 bujua
1600 2843 1739 2894 moneta·

171 2928 268 3011 aigne
289 2927 536 2992 intellexeruut.
579 2929 666 2998 Vide
683 2929 798 2992 inbao
817 2927 926 3012 dispu-
982 2929 1203 2994 obaervatum.
1248 2913 1334 3019 Quid
1359 2941 1434 3013 port
1459 2926 1546 2992 huno
1572 2931 1731 3014 placitum
1774 2976 1777 2989 .

169 3031 297 3095 tatione
318 3033 493 3116 oopiotum
509 3031 743 3116 spanhemium
758 3027 804 3111 l²).
981 3031 1101 3107 fuerit,
1124 3025 1200 3096 tide
1220 3027 1255 3110 in
1275 3029 1431 3094 Tractatu
1451 3029 1493 3094 de
1518 3031 1625 3095 numia
1648 3019 1750 3097 inio'
1862 3047 1872 3064 ·

238 3133 346 3218 ceput
376 3135 540 3216 galeatum
571 3133 647 3208 inde
678 3155 696 3196 a
726 3132 837 3195 Probo
857 3149 925 3193 nou
982 3131 1286 3207 rioriaauvi§.11.

170 3231 388 3320 infrequens,
411 3235 618 3320 frequentius
639 3239 673 3298 in
695 3235 802 3298 aureia
821 3231 925 3294 infimi
1047 3234 1230 3320 singularia
1249 3246 1340 3312 aaut,
1363 3247 1458 3317 capnt
1477 3233 1584 3298 loonio
1603 3235 1736 3298 exuriit·

170 3337 268 3414 neri,
301 3339 480 3422 praecipue
512 3357 586 3400 oum
617 3331 797 3420 imperator
825 3353 925 3421 pano·
982 3347 1121 3408 tectum,
1143 3335 1175 3397 in
1196 3335 1303 3398 numia
1328 3335 1518 3414 Commodi,
1539 3335 1729 3400 Maximiani

89 3433 106 3442 ’
169 3439 274 3522 piiam
311 3439 443 3503 indutus
480 3440 687 3524 proponitur.
730 3442 804 3502 Nou
846 3453 924 3498 raro
981 3436 1158 3514 Herculei,
1190 3438 1326 3522 ejusque
1355 3437 1416 3499 fitit
1438 3439 1604 3501 Maxentii.
1648 3437 1730 3500 Cau·
1858 3431 1861 3439 ’

169 3541 269 3625 galea
293 3541 429 3628 inruper
453 3561 575 3607 corona
599 3544 729 3618 laurea,
750 3538 807 3606 vel
825 3537 925 3602 radiis
981 3561 1032 3606 aas
1052 3542 1086 3603 in
1108 3539 1312 3621 singulorum
1334 3553 1466 3603 moneta
1487 3538 1649 3604 dedimut.
1671 3539 1729 3603 Ca·

171 3643 330 3707 ambitur.
981 3656 1040 3728 put
1075 3661 1149 3704 oum
1184 3639 1294 3726 spinea
1327 3661 1474 3722 oorone,
1500 3642 1535 3704 iu
1564 3637 1730 3721 Gallieno,
1841 3662 1844 3671 ’

238 3745 345 3828 Caput
359 3745 482 3810 nudum
498 3747 682 3832 primorum
701 3747 924 3829 Auguutorum
982 3765 1080 3832 quem
1102 3743 1165 3808 adi.

168 3859 283 3912 aetate
311 3853 434 3924 ruriua,
464 3849 672 3934 frequentius
696 3843 772 3911 iude'
796 3847 837 3912 ab
861 3849 928 3912 Ha·
1044 3849 1097 3910 De
1120 3847 1226 3930 eapite
1249 3845 1357 3910 velato
1385 3843 1585 3922 inauratura,
1605 3845 1735 3912 indioio·

171 3945 312 4028 driano,
340 3951 518 4016 inclinante
542 3953 683 4036 imperio
707 3951 763 4017 vix
787 3949 926 4034 amplior
981 3948 1077 4028 vide,
1101 3969 1182 4034 quoe
1204 3947 1357 4012 dicuntur
1380 3949 1413 4008 in
1432 3948 1538 4011 numia
1560 3967 1731 4014 oonaeera·

170 4053 334 4120 norwit.
362 4055 485 4137 Aliquo
501 4068 652 4138 temporo
669 4053 835 4140 prinoipea
850 4071 926 4115 oon·
981 4054 1118 4115 tionum.
1163 4049 1230 4113 Sed
1261 4049 1378 4113 t'uit'et
1398 4049 1508 4112 velum
1532 4051 1730 4133 rignumta·
1801 4117 1837 4150 ⁸,

168 4152 323 4219 ae'orntoa
339 4154 386 4219 riu
402 4155 503 4220 tutare
520 4156 726 4240 proponitur,
749 4155 877 4219 dioetur
891 4153 926 4214 in
983 4152 1148 4242 cerdotii,
1159 4151 1247 4215 unde
1265 4155 1290 4216 1.
1308 4151 1442 4228 uratur,
1461 4151 1553 4213 Μ’.
1568 4151 1729 4216 Antoniou

167 4257 283 4320 numia
307 4247 603 4323 coniurationum.
642 4257 740 4322 Nudo
759 4257 865 4342 rapite
887 4273 925 4320 ae
982 4254 1087 4324 relati·
1103 4254 1137 4316 in
1158 4253 1264 4316 numia
1285 4265 1532 4336 proponuntur,
1554 4251 1632 4329 iila,
1654 4253 1737 4338 quin

105 4411 111 4422 ,
169 4359 275 4425 etiam
289 4359 477 4426 diatinxiare
492 4363 664 4440 cautaret,
682 4359 926 4445 rupradiotnm.
982 4357 1133 4444 pontifex
1149 4355 1324 4434 maximua,
1346 4352 1417 4432 bio,
1440 4353 1514 4440 quia
1534 4371 1648 4438 ungar.

176 4542 1720 4602 ----r--—-—-—-·-·÷-·--·-³···-·-·,·-¹

206 4677 239 4754 ι)
259 4675 346 4756 Catu·
357 4686 405 4745 ²³·
503 4675 540 4756 b)
557 4679 644 4743 Tum·
662 4677 700 4748 11.
718 4697 789 4762 pag.
806 4687 863 4752 tut
880 4691 951 4756 san·

1399 4755 1536 4826 'ln-n*
