4226 5500
478 589 501 660 a
944 563 1563 642 u0v1r1an1nanams

580 727 713 836 Quoad
730 735 1109 812 numosRomsnos
1120 734 1262 812 ilelrlvel
1278 759 1408 810 novam
1430 733 1541 834 plane
1552 731 1731 810 rationem
1749 751 1908 836 eeqnntm
1921 759 1974 816 est

477 871 555 944 Eos
574 891 710 971 nempe
722 870 764 946 in
782 895 915 946 numos
926 869 1150 948 Consulares
1171 868 1480 971 etlmperatorios
1500 867 1703 946 subdivisit.
1727 870 1834 948 Nomi
1843 871 1977 948 Conso·

472 1001 610 1094 lares,
636 1005 703 1105 qni
727 1005 797 1083 sub
811 1005 1038 1084 Consulibus
1050 1005 1141 1082 facti
1159 1003 1324 1096 fuerunt,
1349 1003 1719 1081 etiem-Romanarum
1735 1004 1884 1104 gentium
1902 1011 1977 1082 nuni
2047 1071 2048 1104 ,

470 1137 652 1240 appellari
677 1141 824 1234 solent,
851 1142 940 1242 quis
965 1141 1121 1218 totidem
1147 1138 1265 1216 series
1293 1139 1758 1240 clarissimarnm'gentium
1773 1142 1977 1220 Romanarum

471 1287 764 1374 repraesentant.
801 1278 903 1378 Quos
931 1293 1078 1364 noster,
1114 1301 1197 1349 cum
1209 1325 1221 1364 ,
1247 1290 1400 1373 propter
1420 1274 1720 1351 incertitudinem
1739 1275 1821 1370 rei,
1835 1275 1975 1350 methodo

405 1463 411 1472 .
468 1411 729 1508 systematica,
752 1411 829 1486 sive
853 1411 1117 1508 chronologica
1129 1459 1141 1498 ,
1166 1407 1242 1482 sive
1265 1407 1357 1498 alia,
1376 1409 1585 1518 'disponere
1607 1433 1686 1484 non
1704 1409 1865 1498 auderet,
1887 1437 1977 1484 eror-

468 1541 557 1618 diue
580 1545 817 1644 alphabetico
836 1543 1112 1620 distribuendos
1132 1543 1284 1645 putavit.

493 1679 497 1688 ’
563 1681 608 1752 In
637 1677 1136 1780 numis'lmperatoriis
1161 1673 1383 1752 ordinandis
1413 1675 1478 1752 alii
1495 1677 1716 1780 methodum
1743 1677 1977 1778 alphabeticum,

462 1811 771 1913 chronologicam
786 1815 850 1888 alii
871 1813 982 1914 sequi
999 1811 1099 1888 soliti
1115 1809 1261 1886 fuerant
1268 1840 1280 1906 3
1306 1811 1501 1886 methodus
1519 1811 1754 1912 alphabetico
1777 1829 1895 1902 tamen,
1917 1813 1978 1912 quia

464 1945 558 2018 nihil
576 1945 724 2022 luminis
747 1949 922 2024 historiae
942 1947 1180 2022 illustrandae
1212 1945 1391 2036 inferret,
1420 1947 1651 2047 aplerisque
1671 1945 1849 2020 derelicta
1873 1946 1978 2020 ethre

463 2079 505 2152 in
527 2082 703 2155 methodo
741 2083 1006 2184 chronologica
1029 2081 1179 2182 quidem
1204 2093 1333 2156 omnes
1354 2081 1484 2154 iisdem
1507 2081 1564 2156 usi
1586 2079 1739 2156 fuerent
1755 2081 1932 2181 principiis,
1947 2082 1979 2153 si·

463 2213 618 2312 quidem
637 2217 761 2291 Occc
784 2233 822 2291 et
838 2216 1165 2292 hlediobarhus
1191 2213 1306 2290 fastos
1326 2215 1615 2306 llomanos,ulii
1635 2214 1744 2290 aliam
1762 2215 1925 2288 divisionis
1940 2239 1978 2288 rt·
2047 2303 2048 2308 Ἰ

463 2347 604 2422 tionem
622 2350 772 2450 sequuti
808 2350 967 2425 fuerant.
991 2348 1134 2424 Ecltbel
1152 2366 1287 2440 antem,
1304 2349 1487 2450 quidquid
1505 2349 1875 2452 benia'pudsingulos
1896 2365 1976 2437 esset,

463 2481 503 2554 in
527 2499 688 2584 systema
720 2509 829 2556 sunm
852 2483 1103 2586 adoptandum
1123 2485 1276 2584 putavit.

561 2617 836 2692 Eclthelianum
871 2618 1000 2717 itaque
1035 2635 1196 2719 syntoma
1229 2617 1396 2692 ordinem
1431 2619 1723 2720 geographicum
1756 2617 1976 2716 chronologico

324 2747 352 2770 ”
468 2751 660 2849 jurgitet
689 2779 768 2826 non
794 2755 937 2826 tanturn
963 2753 1079 2854 ipsam
1114 2753 1305 2828 scientiam
1336 2753 1625 2828 numismaticam
1655 2771 1858 2856 promovet,
1880 2751 1932 2826 sed
1952 2769 1977 2823 et

315 2947 324 2962 .
462 2884 641 2961 historiae
660 2887 856 2986 plurimum
876 2887 1026 2962 luminis
1049 2887 1182 2962 adfert.
1234 2887 1278 2961 si
1301 2887 1400 2961 enirn
1417 2913 1549 2962 nomos
1579 2887 1646 2962 tali
1666 2889 1794 2963 ordine
1811 2886 1977 2963 distributas
2047 2869 2048 2958 l

461 3045 551 3120 prae
571 3021 688 3095 oculis
711 3021 869 3114 habeas,
895 3021 1006 3105 facile
1028 3022 1091 3112 lit,
1131 3038 1173 3094 ut
1192 3031 1242 3096 ‘ex
1263 3045 1391 3096 eorum
1418 3023 1513 3096 serie
1536 3025 1721 3122 cujusque
1750 3022 1850 3121 regni
1866 3019 1977 3121 provin·

462 3155 540 3228 cias
569 3171 608 3228 et
638 3155 751 3230 urbes
779 3181 1007 3256 cognoscas,
1038 3155 1310 3232 successionem
1340 3155 1550 3256 principum
1582 3157 1794 3246 edocearis,
1831 3171 1865 3228 st
1888 3151 1978 3228 varios
2047 3167 2048 3230 l

464 3289 658 3363 idiomatis
686 3291 809 3363 usitati
835 3289 1067 3365 characteres
1089 3289 1379 3390 comprehendas
1387 3317 1400 3385 3
1421 3315 1537 3391 porro
1557 3317 1605 3364 ex
1635 3291 1823 3392 opulentia
1847 3285 1977 3384 indigen·

460 3424 559 3498 tiave
586 3425 817 3499 metallorum
849 3425 1119 3524 prosperiorem
1139 3425 1412 3498 miseriorenrve
1429 3425 1650 3524 populorum
1670 3420 1978 3518 statumintelligas5

462 3581 508 3630 ex
535 3583 729 3634 numerum
757 3560 987 3634 formositate
1021 3559 1078 3634 vel
1104 3559 1341 3634 deformitate
1365 3561 1497 3632 artium
1516 3561 1763 3649 nascentiam,
1785 3577 1977 3660 progressum
2047 3559 2048 3646 ᾗ

462 3707 501 3763 et
532 3689 674 3791 lapsum
699 3693 879 3793 colligas3
916 3695 1080 3794 denique
1111 3719 1157 3768 ex
1185 3693 1489 3793 inscriptionibus
1509 3695 1782 3794 magistratuum
1804 3692 1930 3778 titulos,
1949 3686 1980 3757 il·
2047 3677 2048 3710 ¹

349 3907 353 3916 ,
460 3825 595 3900 lustres
619 3829 733 3916 viros,
760 3829 874 3916 ritus,
912 3827 1020 3901 ludos
1045 3828 1236 3929 publicos,
1259 3827 1341 3902 dies
1363 3827 1479 3904 festos
1497 3829 1675 3942 Deosque
1695 3849 1735 3904 et
1752 3821 1978 3904 sexcentaalia,

462 3985 558 4059 quae
600 3961 646 4038 ed
664 3961 869 4062 perfectam
888 3963 1063 4038 historiae
1083 3963 1333 4062 cognitionem
1352 3961 1515 4051 faciunt,
1538 3963 1751 4064 perspicias.

569 4095 683 4172 Hisce
703 4098 894 4198 principiis
916 4097 1089 4173 Eclthel'
1079 4123 1119 4170 m
1142 4097 1404 4172 distribuendis
1430 4121 1518 4170 osus
1547 4116 1605 4172 est
1620 4099 1740 4174 numia
1759 4091 1977 4174 anecdotis,

461 4255 557 4328 quos
575 4233 672 4308 vel'
660 4260 701 4305 m
720 4203 998 4308 ltaliaeMuseis
1023 4235 1272 4322 adnotaverat,
1298 4231 1394 4306 vel
1384 4231 1979 4310 rnlllnseoVienrrensiCacsarsoa

457 4361 829 4458 ismeraiDuval,
857 4367 1074 4441 Frohlrcb
1100 4385 1138 4442 et
1156 4365 1303 4457 libell
1327 4367 1626 4444 antecessoribus
1656 4369 1743 4456 suis,
1764 4353 1978 4440 nondumed'

298 4511 310 4520 ·
459 4515 518 4571 tos
539 4496 853 4600 deprehenderat,
888 4519 999 4600 atque
1018 4499 1220 4578 secundum
1238 4505 1399 4601 systema
1418 4529 1524 4576 suum
1550 4504 1592 4576 in
1617 4503 1751 4578 classes
1776 4493 1976 4574 redactoset

454 4655 518 4722 -ea,
548 4659 620 4730 qua
639 4637 798 4728 solebat,
823 4635 1054 4738 praecisione
1087 4635 1351 4737 diligentiaque
1374 4637 1591 4738 descriptos,
1610 4637 1715 4735 operi
1734 4659 1799 4710 suo
1819 4626 1956 4704 inso'roit.

561 4769 670 4868 Quod
690 4795 783 4870 opus
807 4771 960 4846 divisum
983 4771 1099 4846 estin
1121 4789 1245 4872 partes
1270 4771 1385 4862 duas,
1408 4799 1560 4870 quarum
1579 4773 1680 4872 prior
1704 4789 1842 4868 praeter
1859 4757 1975 4864 praefa-

462 4897 626 4994 tionem,
652 4929 725 5002 qna
748 4907 1006 4984 numismatica
1023 4923 1152 4985 auctor
1174 4931 1240 4982 sua
1258 4905 1374 4984 refert
1393 4907 1547 4997 itinera,
1575 4907 1849 5008 descriptionem
1871 4915 1973 4968 nuno
