4230 5490
908 461 913 471 ’
1012 505 1294 582 tustanus
1334 503 1380 580 11.

388 637 393 650 Ι
426 545 494 608 138

423 707 469 770 mi
488 699 645 768 simillimi
668 711 730 760 tam
756 692 921 770 Caesaris,
944 713 1038 778 quam
1061 693 1170 776 Augu·
1227 689 1270 755 de
1284 713 1348 777 qun
1366 691 1506 774 agimus,
1531 691 1643 756 classis
1659 695 1780 770 onmis,
1803 693 1970 759 ntvidere

423 811 465 872 sti
487 804 621 870 nomine
640 797 808 882 insignes,
837 797 1031 880 inquorum
1055 813 1169 855 aversa
1227 809 1276 860 eat
1295 804 1392 880 supra
1412 794 1445 854 in
1466 793 1626 871 numisd,
1653 795 1707 872 13,
1735 797 1782 858 aa,
1811 797 1898 860 Huic
1915 795 1971 858 ad.

422 909 562 991 legitur:
584 902 718 976 VOTA·
736 881 924 972 PVBLICA
940 909 1016 980 typo
1032 895 1169 972 Anubis,
1227 899 1268 960 sle
1288 897 1425 958 similem
1447 894 1618 960 Faustinae
1640 895 1779 960 senioris
1799 898 1832 958 in
1852 917 1970 962 masao

423 1005 648 1096 quibus”adde
671 1021 805 1066 numum
830 999 944 1062 loliani
966 998 1070 1062 adhuc
1088 999 1169 1062 Cae·
1227 997 1402 1082 Theopoli.
1434 997 1530 1068 Vnde
1556 998 1734 1063 verisimile
1757 997 1810 1076 lit,
1833 1000 1972 1064 Bedria-

422 1111 503 1174 saris
525 1129 623 1192 supra
644 1126 732 1169 num.
756 1104 785 1166 b.
809 1099 1027 1183 descriptum,
1056 1113 1110 1172 et,
1131 1111 1168 1161 ut
1225 1123 1268 1164 nu
1286 1102 1487 1184 imperante,
1509 1119 1605 1183 mem
1623 1100 1858 1182 Aegyptiorum
1878 1123 1969 1168 sacra

422 1227 529 1299 patet,
559 1211 741 1294 inperante
771 1201 878 1268 adbuc
908 1203 1097 1268 Constantio
1127 1201 1168 1262 ai·
1224 1202 1341 1288 cupide
1360 1201 1546 1286 amplexum
1563 1203 1729 1276 novimus,
1750 1201 1969 1287 aliquid-nori

422 1329 574 1399 gnatum,
595 1332 660 1396 qno
680 1325 831 1392 tempore
853 1305 881 1370 ia
902 1303 1091 1368 Constantio
1112 1301 1166 1366 ad·
1223 1307 1304 1367 ritas
1324 1318 1475 1369 votorum
1493 1303 1699 1388 publicorum
1714 1307 1847 1368 nomine
1865 1305 1966 1372 fuisse

420 1423 484 1480 huc
506 1415 666 1479 obnoxius
681 1405 903 1474 Christianum
921 1425 996 1469 aese
1014 1403 1165 1488 profiteri
1221 1407 1405 1480 invectum,
1436 1419 1469 1468 et
1489 1405 1710 1470 continuatum
1730 1407 1902 1492 deinceps,
1932 1424 1968 1473 et

421 1516 714 1603 quomodocunque
750 1512 870 1576 invitus
904 1507 1026 1570 debuit.
1070 1507 1166 1568 Simi-
1222 1509 1282 1571 sub
1309 1509 1388 1594 ipsis
1413 1507 1528 1584 etia'm,
1563 1522 1599 1569 ut
1627 1508 1781 1586 vidimus,
1811 1511 1965 1594 principi-

380 1647 383 1654 ’
416 1623 484 1684 lem
524 1617 728 1684 Constantini
761 1617 806 1676 Μ.
841 1631 974 1702 numum
1014 1609 1164 1672 consulto
1222 1611 1282 1673 bus
1302 1609 1509 1696 Christianis,
1533 1609 1712 1674 ferentibus
1729 1611 1778 1674 his
1795 1611 1900 1676 adhuc
1919 1615 1967 1674 in·

414 1707 609 1810 praetere03
632 1739 706 1782 nam
725 1716 822 1782 video
839 1733 937 1797 posse
956 1709 1162 1794 responderi,
1222 1726 1385 1778 veteratos
1412 1711 1567 1796 quosdam
1594 1712 1691 1788 ritus,
1726 1735 1807 1798 quoa
1835 1717 1964 1797 panim.

399 1827 516 1888 ¹fuisse
534 1823 694 1905 signatum
715 1831 800 1894 tum,
824 1835 898 1879 cum
916 1813 1021 1876 adhuc
1039 1815 1163 1887 lovem,
1221 1827 1373 1878 evertere
1401 1815 1663 1897 intempestivum
1693 1815 1814 1892 visum,
1844 1817 1965 1880 eodem

414 1931 620 2008 Martemque
644 1924 678 1984 in
704 1931 834 1983 moneta
859 1915 1067 1980 toleraverat.
1096 1914 1163 1976 De·
1219 1935 1338 2000 nempe
1361 1915 1567 1999 modo.,'qno
1588 1915 1789 1980 Christianos
1813 1917 1887 1982 tulit
1912 1921 1963 1982 ln·

414 2031 514 2112 nique
537 2027 661 2088 similes
677 2021 766 2086 numi
788 2031 965 2082 occurrunt
985 2015 1081 2078 etiarn
1101 2013 1161 2076 snb

415 2131 566 2204 loviano,
590 2124 838 2194 Valentiniano,
861 2119 1020 2192 Valente,
1038 2113 1161 2194 Gpatia·

412 2253 475 2308 no,
497 2227 702 2293 idololatriae
724 2241 928 2309 nequequam
948 2217 1117 2302 suspectis.

477 2333 657 2394 Enimuero
679 2326 789 2390 emnia
810 2319 1027 2408 persuadent,
1058 2321 1159 2382 fuisse

411 2435 444 2494 in
474 2437 625 2517 Aegypto
654 2443 747 2496 vetus
776 2427 976 2500 institutum,
1005 2435 1041 2484 ut
1070 2421 1160 2484 statis

411 2535 617 2618 temporibus
639 2545 714 2598 vota
735 2527 866 2618 publica
884 2527 971 2590 forte
995 2541 1056 2608 pro
1076 2523 1159 2586 saln-

282 2621 287 2644 ⁸
409 2651 442 2698 te
462 2637 645 2721 principum
662 2633 934 2718 conciperentur,
952 2648 990 2691 ec
1007 2641 1074 2689 tum
1091 2645 1159 2688 mo·

409 2751 486 2800 neta
517 2757 592 2800 curn
622 2735 817 2820 imaginibus
850 2733 1007 2806 deorum,
1040 2727 1157 2812 quibus

409 2839 626 2924 supplicatum
656 2853 722 2916 est,
754 2845 959 2918 erogaretur.
1002 2831 1087 2894 Sane
1110 2829 1157 2890 in·

408 2941 450 3003 de
480 2964 498 3004 a
530 2939 738 3006 Diocletiano
767 2938 911 3001 omnium
941 2934 1014 2998 sere
1045 2933 1156 3016 Augu·

406 3059 531 3106 storum
563 3055 597 3108 et
625 3043 804 3106 Caesarum
834 3037 870 3102 id
899 3058 1003 3123 genus
1037 3053 1154 3097 numos

405 3143 582 3222 habemns,
605 3159 744 3229 suntque
765 3143 870 3205 forma
885 3139 1057 3224 modisque
1074 3139 1154 3200 mul·

406 3264 474 3310 tum
508 3249 648 3312 diversis
676 3269 695 3310 a
723 3259 854 3310 moneta
884 3243 1048 3306 ordinaria
1078 3239 1154 3301 Als-

406 3349 562 3412 xandriae
586 3352 720 3434 signata.
752 3346 840 3438 Quid
863 3343 951 3428 quod
972 3343 1066 3426 hujus
1089 3343 1152 3404 ori·

404 3472 447 3534 go
470 3463 620 3513 monetae
655 3450 741 3512 sorte
772 3447 867 3512 altius
889 3459 940 3509 est
960 3443 1151 3528 repetenda.

405 3555 520 3614 Exstat
550 3552 582 3611 in
614 3573 729 3614 museo
753 3553 913 3614 Caesareo
944 3566 1065 3610 aeneus
1086 3548 1151 3608 Ha·

404 3651 510 3716 driani
536 3651 662 3715 formae
691 3654 732 3715 ll.
760 3651 1024 3720 HADRIANVS.
1047 3649 1149 3717 AVG.

1219 2019 1333 2080 lienus.
1355 2023 1428 2082 Hoc
1449 2019 1568 2082 deinde
1587 2019 1768 2103 imperante
1785 2019 1866 2084 haec
1887 2033 1964 2086 vota

1219 2120 1348 2204 publica
1373 2121 1559 2184 cumomni
1583 2142 1639 2183 sua
1663 2112 1896 2204 superstitione
1919 2124 1965 2185 al·

1200 2223 1282 2284 'tias
1305 2221 1460 2284 extulisse
1484 2235 1600 2305 caput,
1620 2233 1670 2300 et,
1692 2221 1779 2306 quod
1803 2223 1962 2309 sequitur,
2003 2259 2007 2266 ·

1217 2323 1350 2410 impune
1391 2323 1621 2408 multiplicatos
1660 2327 1814 2402 upmoa,¹
1837 2328 1962 2388 nemini

1217 2427 1319 2492 credo
1347 2427 1465 2490 mirum
1492 2426 1655 2490 uidebitur
1677 2431 1809 2508 cognito
1836 2432 1963 2512 praeci·

1215 2549 1280 2614 pue
1304 2529 1374 2612 ejus
1396 2530 1428 2590 in
1445 2529 1605 2614 Aegyptia
1625 2549 1715 2594 sacru
1734 2527 1874 2594 adiectu.
1897 2533 1960 2595 Cui

1215 2630 1408 2694 illustrando
1436 2645 1629 2715 argumento
1655 2631 1825 2715 praeclare
1848 2635 1960 2709 servit,

1215 2732 1303 2818 quod
1331 2733 1437 2796 refert
1460 2733 1648 2798 Ammianus
1666 2737 1713 2816 ¹),
1746 2734 1958 2799 Dracontinm

1212 2836 1363 2898 rnone'tae
1391 2835 1629 2900 Alexandrinae
1652 2837 1872 2919 praepositum
1898 2857 1961 2921 per

1212 2935 1301 3008 idem
1337 2951 1465 3021 tempus
1496 2938 1536 3002 ab
1574 2937 1743 3020 oppidanis
1774 2937 1958 3003 idololatria

1212 3039 1313 3102 fuisse
1336 3041 1570 3126 exanimatum,
1599 3039 1688 3124 quod
1714 3061 1802 3103 aram
1828 3041 1861 3100 in
1889 3063 1959 3104 mo

1211 3155 1302 3218 neta,
1342 3163 1436 3226 qnam
1472 3140 1625 3225 regebat,
1662 3157 1779 3205 recena
1818 3143 1958 3206 locatam

1212 3245 1341 3310 evertit.
1375 3244 1517 3306 Dubium
1537 3263 1603 3306 non
1620 3243 1769 3319 videtur,
1791 3243 1955 3307 nluliano

1210 3344 1244 3405 in
1262 3345 1332 3427 ejus
1351 3343 1460 3410 locum
1477 3343 1650 3410 suffectum
1666 3345 1767 3409 fuisse
1786 3347 1956 3410 honrinem

1209 3447 1261 3536 sui
1285 3446 1407 3524 cultus,
1438 3469 1456 3510 a
1483 3467 1547 3532 quo
1570 3447 1748 3512 verisimile
1771 3463 1821 3511 eet
1844 3449 1957 3515 deme-

1208 3548 1301 3611 rendi
1326 3549 1533 3632 imperatoris
1555 3569 1649 3612 eausa
1673 3551 1877 3633 ejuscemodi
1898 3575 1958 3615 nu·

1208 3671 1278 3714 mos
1301 3665 1389 3713 tantu
1411 3651 1511 3713 fuisse
1533 3671 1671 3716 numero
1695 3673 1877 3736 pereussos.

405 3752 501 3818 008.
513 3755 567 3816 ΠΙ.
582 3755 619 3820 P.
633 3755 668 3818 P.
693 3757 794 3832 Caput
809 3755 998 3815 laurentum.
1022 3748 1046 3807 Σ
1067 3753 1149 3813 Sine
1271 3753 1426 3837 Plerique
1440 3751 1630 3830 credider‘e,
1652 3755 1685 3816 in
1701 3755 1752 3817 his
1766 3757 1873 3818 numia
1889 3757 1952 3818 suh

403 3859 584 3938 epiyraplte.
626 3859 691 3918 Isia
703 3857 904 3936 praepranda'
918 3857 994 3916 cuni
1009 3855 1149 3916 currenti
1205 3853 1346 3938 imagine
1374 3855 1540 3938 Serapidis
1570 3859 1674 3923 latere
1703 3857 1882 3930 lulianum,
1914 3871 1955 3918 et

205 3979 217 3985 ·
270 4019 272 4025 ,
401 3962 584 4023 insidensd.
598 3964 781 4032 sialmm,·s.
796 3959 931 4017 lanatum.
954 3957 1080 4016 Nemus
1093 3952 1147 4016 hic
1206 3955 1266 4020 suh
1292 3957 1393 4021 altera
1421 3958 1514 4022 leidis
1538 3961 1699 4023 Helenam
1727 3979 1875 4022 uxorem.
1897 3959 1952 4021 De

400 4059 569 4124 commatis
598 4060 737 4122 Romani
763 4070 855 4120 certe
885 4075 949 4128 non
977 4068 1042 4130 est,
1072 4075 1147 4118 nam
1205 4059 1329 4122 loliano
1353 4059 1501 4124 dubitare
1532 4062 1587 4126 uix
1614 4061 1709 4138 licet,
1740 4064 1893 4145 quoniam
1917 4063 1950 4122 in

399 4161 493 4224 deest
511 4177 586 4223 nota
609 4161 641 4226 S.
656 4164 716 4236 C„
739 4173 773 4223 et
791 4159 927 4220 multum
950 4157 990 4220 ab
1009 4157 1072 4218 huc
1093 4157 1147 4220 ab·
1203 4159 1269 4222 illia
1294 4159 1395 4224 facies
1426 4163 1594 4248 Serapidis
1626 4163 1706 4224 nihil
1737 4163 1838 4227 habet
1867 4165 1950 4245 ejus,

398 4263 482 4325 ladit
509 4263 648 4338 labries,
678 4283 787 4345 neque
817 4275 911 4345 typus
942 4259 1011 4342 ipse
1040 4259 1145 4321 adhuc
1194 4262 1307 4344 vqualis
1335 4261 1393 4325 ille
1424 4265 1456 4324 in
1486 4265 1558 4328 aliis
1588 4263 1805 4328 monumentis
1827 4286 1951 4351 propo·

399 4365 524 4426 in'ullo
556 4377 647 4437 certo
677 4363 833 4447 ejusdem·
854 4363 1022 4430 commatis
1044 4381 1145 4424 numo
1202 4364 1308 4442 nitur,
1345 4365 1403 4428 sed
1435 4365 1488 4428 vix
1518 4365 1669 4448 ambigua
1698 4367 1951 4430 lolianilinea·

400 4466 606 4544 observatus3
642 4481 676 4529 at
705 4467 864 4550 frequens
893 4477 943 4528 est
972 4463 1005 4524 in
1038 4463 1143 4546 hujus,
1202 4479 1327 4542 menta,
1351 4481 1384 4530 et
1405 4467 1575 4532 habuimus
1596 4470 1766 4551 innumera
1790 4469 1950 4534 hactenus

1486 4627 1948 4686 ‘..'........-...s....,.

384 4865 391 4874 ἱ
433 4781 464 4850 a)
484 4779 513 4834 L.
536 4779 628 4839 xxtl.
687 4843 692 4850 ι
