4230 5490
410 501 480 564 130
579 514 582 522 '

406 663 503 748 phiae
528 643 713 744 praeceptis
738 659 869 732 heusta,
902 665 975 717 tum
996 646 1081 716 ‘vero
1103 674 1151 716 ar·

379 775 383 782 ’
405 765 493 826 tibus
518 763 667 824 omnibus
690 759 879 841 lit'erisque,
914 767 948 818 et
965 755 1153 839 cumprimis

409 865 544 926 Graecis
572 860 745 944 insigniter
783 857 961 935 eruditum,
1001 871 1035 920 et
1065 855 1152 942 qiaotl

409 966 548 1027 maxime
579 962 727 1025 mirabile
756 959 859 1026 visum
898 959 932 1020 in
971 957 1058 1034 viro,
1098 957 1153 1040 qui

409 1086 539 1128 omnem
556 1079 733 1127 anteactam
752 1063 848 1125 vitam
872 1060 905 1122 ia
922 1059 1151 1144 philosophiae

410 1169 478 1229 otio
496 1167 682 1250 transegit,
720 1173 857 1246 repente
890 1161 931 1223 sd
961 1181 1048 1222 arma
1078 1179 1153 1223 evo·

363 1334 366 1342 ,
407 1284 515 1334 cetum
544 1269 730 1330 rudimenta
767 1263 847 1326 belli
880 1262 966 1324 inter
1003 1259 1153 1321 victorias

408 1369 623 1452 occoepisse..
635 1371 677 1430 At
695 1365 835 1430 eundem
854 1363 954 1426 luisse
974 1361 1100 1443 gloriae
1116 1380 1153 1422 ec

408 1455 576 1556 popularis
603 1489 699 1533 aurae
721 1469 904 1549 plusquam
922 1461 1153 1546 philosophum

410 1573 564 1650 deceret,
585 1577 814 1656 appetentem,
847 1580 1036 1649 peccantem
1054 1565 1154 1625 inter·

409 1672 486 1734 dom
520 1675 552 1733 in
582 1672 623 1734 iis
653 1673 755 1755 ipsit,
790 1675 872 1750 qua‘e
902 1667 934 1727 in
967 1665 1152 1729 Constantio

408 1775 613 1858 culpaverat,
652 1789 881 1852 nonnunquam
916 1769 950 1828 in
979 1766 1151 1829 vindictam

408 1897 566 1960 pronum,
592 1877 769 1960 scriptores
795 1869 988 1955 perhibent,
1018 1889 1082 1930 non
1099 1887 1153 1932 ve-

407 1999 446 2040 ro
462 1979 591 2042 novisse
611 1978 777 2059 imperare
792 1971 942 2052 linguae,
965 1983 998 2032 et
1013 1969 1152 2048 abstine·

406 2101 443 2142 re
468 2081 582 2144 amaris
608 2077 728 2138 salibus
756 2074 959 2156 cocleisque,
988 2071 1057 2153 ipsa
1081 2073 1150 2154 ejus

407 2163 527 2264 scripta
554 2163 684 2240 adfatim
714 2187 883 2238 testentur.
934 2173 1089 2236 Leuitatis
1115 2193 1152 2235 ec

406 2281 594 2364 impotentis
623 2277 721 2340 animi
748 2287 973 2359 argumentum
1011 2273 1149 2356 insigne,

300 2425 306 2440 ,
407 2383 495 2468 quod
513 2375 986 2464 provocatusAntiochensium
1005 2371 1150 2437 dicteriis

406 2499 437 2547 et
478 2483 644 2546 traductus
679 2478 847 2553 acerbius,
892 2477 979 2557 quod
1017 2473 1149 2538 barbam

407 2589 529 2662 aleret,
553 2599 586 2645 et
610 2581 790 2645 austeriore
808 2578 891 2640 vitae
915 2578 1150 2639 consuetudine

405 2689 564 2759 uteretur,
587 2706 660 2750 cunt
676 2697 888 2746 contemnere
900 2689 1052 2759 angustae
1064 2699 1152 2740 men-

405 2793 445 2852 tis
477 2787 592 2870 uulgus
625 2795 811 2867 oporteret,
833 2781 989 2862 injuriam
1023 2779 1148 2860 objecta

405 2891 554 2955 oratione
580 2883 771 2961 vindicavit,
794 2904 888 2966 quam
913 2879 1148 2964 Mreeaeqose,

407 2979 529 3058 osorem
546 2993 679 3066 barbae,
701 2987 884 3068 inscripsit,
906 2984 1031 3068 inqua,
1053 3003 1149 3065 quam

401 3096 428 3156 is
445 3093 544 3156 multa
571 3094 679 3172 inepto
705 3103 800 3172 atque
827 3089 956 3148 inlieeta
979 3083 1147 3158 effutierit,

403 3197 435 3254 in
455 3193 719 3278 propatulo‘est,
750 3191 841 3270 eujus
861 3187 1047 3268 exemplum
1070 3185 1150 3247 lem·

400 3298 561 3358 niscatum
589 3293 671 3356 infra
701 3291 743 3351 in
781 3289 887 3352 noctis
916 3288 1020 3353 dabo:
1067 3289 1148 3350 Cum

390 3567 397 3576 -
437 3617 468 3687 ι)
481 3611 565 3684 ,Vide
582 3611 651 3674 Vol.
670 3609 734 3670 vlt.
752 3627 821 3685 pag.
840 3609 885 3670 66.

988 461 1271 544 1vn1tnvs
1313 399 1360 539 n.
1417 437 1420 444 '

1211 645 1327 710 deceat
1342 647 1590 733 philosophum,
1612 649 1751 714 alierum
1773 651 1869 716 aliter
1883 651 1964 716 senx*
2068 675 2071 680 ·
2106 667 2107 678 ¹

1210 749 1358 814 tientium
1383 751 1564 816 doctrinam
1589 755 1753 837 patienter
1771 753 1881 832 serre,
1914 755 1957 819 an

1210 853 1269 914 ille
1291 853 1651 946 germsni'philosophi
1667 869 1776 938 partes
1794 856 1956 940 implevit,

1210 975 1283 1016 enm
1300 955 1558 1038 Epicureorum,
1588 957 1872 1040 scepticorumqne
1889 955 1956 1020 dic·

1211 1069 1273 1116 tata
1290 1055 1401 1139 iniquo
1423 1059 1530 1120 enimc
1545 1057 1617 1118 tulit
1630 1087 1645 1132 ,·
1664 1073 1697 1120 et
1717 1059 1852 1121 abolere
1868 1058 1956 1124 edla·

1210 1155 1361 1220 borarit?
1389 1181 1451 1240 qua
1478 1159 1511 1218 in
1533 1177 1570 1219 re
1595 1159 1698 1222 multe
1717 1181 1792 1223 sane
1813 1159 1954 1222 interior

1209 1258 1337 1320 habitus
1355 1249 1633 1335 est'MtAuretio,
1656 1263 1711 1345 qui
1736 1263 1855 1325 stoicus
1880 1263 1953 1345 ipse

1210 1361 1391 1442 Epicureos
1419 1361 1526 1423 temen
1549 1361 1686 1438 iisdem,
1723 1363 1839 1448 quibus
1864 1381 1954 1440 suos,

1210 1461 1376 1524 beneficiis
1395 1461 1515 1524 adfecit
1531 1465 1570 1548 ¹).
1614 1464 1801 1531 Descirisse
1826 1486 1844 1526 a
1860 1462 1955 1525 Chri·

1210 1564 1319 1625 stianis
1343 1563 1599 1626 sact·is·erimini
1623 1561 1747 1641 delum,
1787 1565 1830 1629 ob
1849 1583 1955 1650 quam
1978 1553 1981 1566 ¹

1210 1687 1336 1728 causam
1363 1667 1393 1729 ei
1420 1669 1597 1745 Apostalee
1622 1687 1743 1729 nomen
1768 1669 1857 1730 velut
1877 1687 1955 1750 pro-

1210 1767 1315 1851 prium
1335 1765 1469 1828 inditum
1489 1768 1551 1846 *)..
1578 1767 1661 1830 Satis
1682 1783 1822 1846 constat,
1845 1771 1953 1834 adhuc

1209 1889 1347 1949 puerum
1369 1869 1615 1945 nonnullorum,
1649 1870 1764 1953 quibus
1782 1871 1954 1935 literarum

1210 1987 1304 2030 causa
1334 1965 1522 2032 familiarius
1555 1973 1722 2048 utebatur,
1767 1975 1952 2059 praeceptis

1209 2067 1250 2130 ad
1271 2085 1379 2131 vetera
1399 2071 1541 2132 instituta
1560 2072 1658 2134 luisse
1675 2072 1844 2141 imbutum.
1888 2083 1955 2141 hu·

1210 2170 1317 2235 xerint
1336 2172 1497 2254 ingestum
1516 2172 1624 2235 odium
1637 2175 1864 2262 episcoporum
1882 2176 1954 2260 ejus

1209 2271 1323 2334 aetatis
1345 2273 1525 2347 dissensus,
1556 2273 1679 2358 jurgia,
1711 2291 1744 2339 et
1767 2277 1953 2362 aliquorum

1208 2393 1273 2433 non
1289 2375 1424 2438 ferenda
1435 2375 1578 2449 ambitio,
1598 2375 1662 2464 tuni
1677 2395 1755 2439 vero
1770 2393 1953 2442 conuentus

1208 2473 1241 2535 in
1261 2475 1341 2538 loeis
1360 2471 1615 2558 disjunctissimis
1631 2497 1732 2560 usque
1750 2480 1956 2565 eoirequen·

1209 2577 1282 2650 tati,
1305 2577 1389 2641 utin
1416 2581 1532 2640 e'orum
1550 2594 1748 2641 commeatus
1776 2601 1874 2666 saepe
1900 2603 1956 2648 te-

1208 2677 1317 2740 hieula
1340 2679 1499 2764 publica„
1517 2693 1551 2742 et
1577 2679 1754 2756 luvintice,
1777 2703 1851 2744 nam
1873 2664 1955 2766 puh-

1205 2781 1270 2842 lice
1304 2781 1563 2862 praebebantur,
1594 2783 1667 2844 sere
1701 2785 1861 2847 aerarium
1898 2787 1954 2848 de-

1206 2877 1340 2956 ficeret,
1372 2897 1435 2944 tam
1464 2907 1538 2951 raro
1565 2905 1604 2948 ex
1635 2884 1684 2944 his
1707 2885 1880 2969 colloquiis
1905 2907 1954 2948 se·

1209 2996 1280 3044 cuta
1309 3003 1406 3066 paee,
1443 2999 1478 3047 ot
1509 2987 1704 3072 plerumque
1741 2989 1843 3078 etiarn¹
1879 2989 1953 3050 odia
2053 3049 2056 3053 ,
2108 2971 2109 2974 ¹

1207 3084 1468 3150 intenderentur.
1511 3089 1555 3150 Et
1579 3087 1730 3169 qnoniam
1757 3089 1871 3152 lterum
1899 3113 1954 3151 au-

1207 3201 1315 3250 oteres
1335 3187 1533 3268 synodorum
1556 3189 1618 3271 ipsi
1638 3189 1837 3270 potissimum
1855 3192 1951 3252 fuere

1207 3285 1435 3352 Constantinus
1460 3293 1525 3366 hh,
1556 3311 1594 3352 ac
1617 3287 1702 3353 lilius
1732 3283 1952 3364 Constantius,

444 3741 473 3810 *j
494 3727 662 3802 Αποςιίτης
689 3737 713 3792 is
734 3733 853 3802 dicitur,
873 3733 924 3809 qui
940 3744 1048 3810 partes,
1067 3753 1141 3810 quas
1156 3747 1241 3794 antea
1253 3747 1369 3796 seetttus
1381 3748 1433 3804 est,
1454 3747 1505 3794 aut
1515 3735 1687 3806 institutum,
1708 3737 1790 3815 quod
1798 3742 1951 3816 professus

490 3837 552 3898 est,
572 3837 681 3882 tnutate
697 3825 845 3885 uoluntate
860 3822 978 3881 deserit.
998 3824 1024 3878 A
1039 3823 1121 3882 vario
1134 3843 1204 3899 ergo
1221 3824 1370 3882 hominurn
1386 3824 1631 3900 judicinpendet‚
1652 3839 1749 3884 utrum
1760 3829 1862 3886 haeca
1881 3851 1952 3888 cau·

489 3936 521 3974 ss
537 3916 637 3992 priore
654 3913 779 3972 desectio
795 3911 883 3972 lande
901 3911 989 3988 digna
1007 3913 1058 3981 sit,
1080 3932 1117 3969 an
1127 3915 1283 3994 vituperio.
1303 3913 1436 3972 llonrinis
1446 3915 1584 3992 Epicurei
1597 3901 1635 3971 ati
1646 3917 1760 3974 Stoicos
1776 3908 1951 3983 nitefactus

489 4003 682 4082 probaverint
692 4001 793 4072 Stoici,
810 3999 1043 4078 vituperaverint
1052 4002 1200 4079 Epicurei.
1220 4003 1301 4060 Fecit
1316 4003 1405 4079 igitur
1422 4003 1555 4080 ignotuta
1574 4003 1824 4062 rocabnliGraeci
1838 4006 1951 4084 agniti-

406 4099 435 4174 [J
494 4093 637 4182 catio,·ut
651 4089 803 4169 plerique„
824 4089 875 4164 qui
894 4092 924 4144 in
937 4087 1111 4147 admirando
1125 4091 1238 4150 lulia'no
1256 4091 1376 4148 modum
1399 4111 1565 4161 excessere,
1585 4093 1784 4152 irascerentur·
1798 4094 1876 4162 illis,
1899 4099 1952 4174 qui

489 4187 654 4258 Apostetee
669 4181 754 4238 illum
771 4179 905 4246 nornine,
926 4189 1066 4254 tanquam
1087 4181 1316 4247 contumelioso,
1337 4179 1515 4258 distinguere
1531 4193 1638 4240 ament.
1664 4184 1725 4240 llos
1747 4183 1824 4242 inter
1838 4183 1953 4244 Voltei-

488 4275 568 4332 rius:
588 4273 617 4329 Il
630 4277 689 4346 n'y
704 4290 723 4327 a
736 4289 794 4346 pes
809 4287 919 4325 encore
935 4269 1084 4342 longtems
1099 4278 1189 4343 qu'on
1209 4289 1245 4326 rte
1260 4274 1349 4327 eitor't
1364 4289 1422 4326 sen
1437 4289 1509 4328 uem
1526 4279 1650 4345 qu'avee
1668 4271 1953 4351 l'e'pt'tlte'ted’bpe·

468 4367 560 4429 {stat,
581 4371 610 4417 et
624 4369 695 4417 e¹est
713 4357 848 4436 peut-Stre
874 4358 901 4414 le
926 4358 999 4435 plus
1018 4359 1120 4434 grand
1138 4359 1230 4437 effert
1246 4359 1282 4416 de
1299 4359 1331 4414 la
1354 4363 1478 4428 raison,
1498 4369 1591 4432 qu'an
1607 4365 1653 4418 eit
1668 4367 1751 4435 enfin
1765 4363 1850 4422 eesse'
1864 4365 1903 4422 de
1924 4369 1952 4422 le

490 4450 631 4524 ‹lisigner
648 4449 686 4504 de
699 4467 731 4504 ee
748 4467 869 4504 surnom
880 4447 1036 4519 injurieux.
1058 4449 1153 4521 (Seite
1171 4448 1222 4506 des
1234 4447 1384 4524 meleager
1406 4447 1443 4506 de
1459 4449 1620 4507 litterature
1636 4463 1690 4508 ete.
1716 4453 1808 4508 Totae
1821 4455 1872 4512 lV.
1890 4454 1949 4513 Ch.

487 4539 546 4608 ω.)
568 4539 678 4594 Contra
698 4553 759 4594 nou
778 4553 902 4610 vererer,
912 4536 1097 4596 Christianus
1119 4557 1193 4614 ege,
1210 4527 1338 4613 spectata
1361 4539 1424 4612 ejus
1440 4538 1526 4596 voris·
1539 4549 1645 4596 natura
1669 4540 1765 4616 ipsum
1780 4543 1953 4600 Constanti-

488 4644 559 4681 num
585 4625 623 4678 M·
650 4643 757 4686 vocare
782 4627 970 4706 Apostolum,
1004 4629 1118 4708 quippe
1147 4627 1199 4702 qui
1224 4625 1340 4702 abjecto
1370 4625 1568 4708 polytheismo
1601 4627 1770 4688 Christiana
1794 4649 1878 4690 sacru
1908 4651 1953 4690 re·

490 4712 593 4786 spexit
