4236 5480
505 501 615 621 ¹„nn
651 496 964 579 oonsvmn.
1003 499 1309 580 causamn.

477 682 509 771 q.
531 687 556 749 1.

200 827 241 888 ln
260 823 328 886 boc
343 833 538 904 argumento
556 835 732 884 occurrunt
749 821 890 906 primum

137 931 330 994 cosmatus
345 927 492 988 continui
509 923 710 1007 principibus
727 937 779 988 aut
795 945 891 1008 spon·

137 1045 175 1094 te
194 1028 312 1106 delati,
344 1040 400 1087 aut
418 1025 456 1088 ab
473 1025 524 1088 bis
542 1027 714 1090 arbitraria
736 1027 890 1110 suscepti.

138 1133 279 1197 Cautum
300 1127 410 1189 fuerat
431 1127 653 1212 antiquissimo
673 1119 892 1212 plebisscito,

138 1255 184 1298 ue
205 1234 278 1318 quis
295 1216 497 1295 consulatum
516 1231 599 1294 intra
620 1227 813 1292 decennium
833 1229 892 1293 ite·

136 1350 231 1400 reret
246 1337 289 1416 ⁸).
337 1333 463 1400 Verum
483 1346 632 1416 tempore
651 1331 799 1396 exeuntis
827 1331 892 1394 rei-

138 1437 312 1524 publicae,
335 1453 401 1518 quo
419 1455 486 1526 nou
505 1435 642 1518 amplius
664 1433 823 1518 regebant
844 1435 891 1497 le·

140 1561 221 1624 ges,
255 1538 314 1600 sed
340 1534 555 1617 regebantur,
587 1550 682 1600 vetus
707 1536 889 1600 institutum

140 1640 328 1704 infractum.
372 1638 449 1700 Noti
474 1651 601 1718 septem
623 1639 719 1700 Marii
743 1637 917 1701 consula·'

140 1757 210 1818 tus,
232 1740 387 1804 continuo
412 1740 451 1798 L.
474 1739 566 1802 Sulla
592 1738 682 1801 annis
707 1739 889 1820 interjectis

140 1843 273 1907 nonnisi
301 1841 388 1907 Vlll.
411 1860 476 1901 uon
496 1838 596 1902 modo
623 1841 738 1904 consul
759 1842 889 1922 iterum,

139 1945 200 2010 sed
219 1958 254 2008 et
269 1965 334 2006 una
350 1940 506 2014 dictator,
529 1944 620 2026 cnjus
636 1945 822 2028 exemplum
840 1965 889 2008 se·

140 2061 236 2111 cutus
267 2044 369 2106 lulius
404 2043 524 2106 Caesar
556 2051 675 2126 recapit
703 2050 888 2109 continuum

138 2151 358 2222 camimum,
367 2156 552 2227 perpetuam
565 2153 775 2224 dictaturam,
790 2166 887 2232 quem

139 2249 364 2330 magistratum
376 2248 594 2312 continuatum
607 2249 799 2313 confirmant
810 2271 889 2336 quo·

139 2370 207 2434 que
224 2350 323 2412 numi.
366 2351 567 2434 Expugnatis
585 2351 625 2419 V.
643 2353 678 2414 C.
698 2353 756 2414 811
777 2354 888 2415 aCor·

137 2451 264 2514 buloue
288 2453 450 2514 Artaxatis
475 2467 605 2516 senatus
628 2453 753 2516 Neroni
766 2452 889 2518 'decre-

136 2553 186 2618 vit
202 2553 376 2616 continuos
392 2555 577 2616 consulatus
592 2551 643 2636 b),
666 2575 762 2640 quem
780 2569 887 2626 tamen

137 2653 166 2716 is
190 2654 354 2718 bonorem
379 2675 445 2716 nnn
471 2654 601 2718 admisit
625 2657 762 2720 testibus
786 2657 886 2734 lastis,

137 2770 173 2822 et
192 2757 312 2820 uumis.
358 2755 512 2823 Vitellius
534 2778 569 2820 se
591 2759 697 2844 ipsum
718 2759 885 2820 consulem

136 2873 335 2942 perpetuum
358 2859 519 2924 ordinavit
534 2860 580 2942 θ),
605 2861 664 2922 sed
682 2857 885 2944 propositum

137 2976 260 3026 eteutn
278 2960 393 3024 caruit.
415 2961 452 3021 ln
469 2960 630 3046 aliquibus
649 2961 804 3046 Augustis
820 2983 887 3026 aus·

136 3063 225 3147 cepti
242 3063 462 3126 consulatusa
484 3065 646 3126 continuis
665 3085 730 3126 nou
748 3067 885 3128 multum

137 3163 310 3228 distabant.
345 3167 563 3250 Vespasianus
583 3187 740 3230 annorum
756 3167 828 3230 fere
844 3169 885 3232 X.

135 3267 319 3352 imperator
360 3269 563 3332 consulatum
602 3269 706 3332 octies
745 3268 886 3344 iteravit,

136 3368 252 3432 faciles
271 3369 371 3432 etiam
387 3370 420 3430 in
438 3390 479 3432 eo
498 3369 698 3432 admittendo
716 3369 811 3432 fuere
832 3369 886 3432 Ti·

138 3483 209 3546 tus,
225 3459 269 3533 'sc
282 3472 461 3556 praecipue
478 3471 698 3550 Domitianus,
721 3471 812 3553 cujus
829 3494 887 3536 nu·

135 3585 307 3636 merantur
342 3572 528 3636 consulatus
560 3576 662 3646 xvtt.
704 3575 798 3638 Adde
835 3573 886 3638 his

138 3655 368 3756 Eta'gsbatnn.
420 3673 576 3738 Omnium
619 3677 886 3761 praecedentium

134 3795 312 3840 numerum
342 3777 484 3840 excessit
513 3778 720 3843 Theodosius
743 3783 801 3856 11.‚
833 3799 887 3841 cu·

133 3875 186 3957 jus
208 3876 243 3936 in
262 3876 375 3952 fastis,
407 3877 493 3941 sorte
524 3883 704 3960 ataenis,
734 3882 886 3968 proditur

135 3977 326 4044 consulatus
348 3981 466 4050 xv111.

469 4180 501 4272 a.
523 4187 563 4248 n.

195 4349 382 4448 Arbitrium
411 4350 688 4438 designandorom
712 4355 885 4422 consulum

131 4497 1674 4531 *m
1737 4531 1740 4538 .

169 4583 201 4656 a)
220 4579 285 4640 Ltv.
307 4581 341 4638 L.
359 4581 426 4646 VII.
446 4604 471 4642 c.
490 4594 535 4650 42·
556 4597 585 4644 ct
602 4586 636 4649 L.
655 4587 693 4646 X.
713 4609 738 4647 c.
761 4602 803 4656 13.

21 4835 23 4852 ‚
128 4773 196 4838 grat
224 4771 281 4820 act.
303 4761 343 4820 ad
363 4761 494 4822 Gratiau.
518 4769 544 4839 §.
564 4777 609 4831 at.

948 707 1051 772 penes
1065 689 1249 774 principem
1265 691 1412 767 stetisse,
1431 687 1534 754 omnis
1551 694 1624 755 aevi
1635 694 1693 757 int-

948 793 1106 874 peratorii
1136 793 1273 856 historia
1303 791 1419 870 docet,
1456 813 1563 877 nequa
1590 797 1625 856 in
1655 817 1695 862 es

948 885 1182 976 imperatorum
1212 907 1404 978 potestatc,.
1422 915 1505 980 quae
1536 897 1697 963 limitibus

949 996 1073 1071 caruit,
1103 997 1212 1058 vocari
1241 997 1273 1057 in
1306 995 1441 1060 dubium
1468 1013 1587 1080 potest.
1631 1004 1695 1062 Le·

948 1096 1025 1182 pide
1046 1097 1145 1180 igitur
1169 1096 1209 1157 de
1237 1099 1362 1160 loliano
1389 1100 1592 1162 nominandis
1619 1123 1694 1164 cou-

949 1197 1073 1260 sulibus
1116 1199 1241 1260 intento
1286 1199 1366 1262 dixit
1407 1203 1619 1265 Mamertinus
1642 1203 1695 1287 ἀ)τ

949 1303 1074 1364 uersari
1100 1305 1205 1380 coepit
1229 1305 1263 1363 in
1289 1307 1377 1366 sacri
1397 1309 1537 1383 pectoris
1564 1310 1694 1370 comitio
1745 1311 1748 1316 ’

948 1406 1147 1478 consulatus,
1166 1413 1316 1484 tanquam
1334 1403 1484 1464 nimirum
1502 1403 1529 1466 is
1543 1429 1624 1469 unus
1641 1430 1694 1471 re·

947 1513 1018 1564 tera
1038 1502 1187 1578 comitia,
1210 1504 1375 1588 inquibus
1394 1505 1601 1587 eligebantur
1617 1529 1695 1595 con·

947 1607 1051 1680 aulea,
1073 1619 1347 1688 repraesentaret.
1373 1607 1596 1690 susceperunt
1611 1631 1691 1672 vero

946 1708 1086 1787 Augusti
1114 1709 1334 1784 consulatum,
1364 1709 1425 1770 etsi
1453 1731 1516 1770 una
1539 1731 1611 1774 cum
1635 1713 1694 1774 im.

946 1807 1040 1890 petio
1058 1809 1266 1871 consularem
1282 1829 1413 1892 semper
1428 1824 1620 1894 potestatem
1639 1815 1694 1878 ba·

946 1894 1062 2000 herent
1080 1909 1300 1992 conjunctam,
1332 1915 1400 1975 sive
1419 1926 1455 1973 ut
1472 1915 1611 1977 morosis
1635 1917 1692 1978 ali-

947 2033 1040 2096 quam
1072 2013 1195 2076 veteris
1222 2015 1305 2098 reip.
1328 2015 1471 2096 speciem
1497 2015 1690 2099 objicerent,

946 2114 1016 2196 ejus
1036 2115 1207 2196 exemplo,
1232 2131 1265 2178 ut
1288 2115 1448 2178 existimat
1465 2121 1631 2204 Appianas
1649 2123 1689 2204 ο),

945 2241 962 2280 a
983 2215 1074 2279 Sulla
1092 2217 1213 2302 petito,
1236 2217 1305 2279 sive
1329 2231 1364 2278 ut
1381 2223 1518 2296 annum,
1541 2221 1574 2284 in
1594 2243 1691 2306 quom
1737 2255 1740 2262 =

945 2317 1104 2380 illustrius
1137 2317 1299 2402 quoddam
1338 2321 1456 2384 festum
1486 2323 1690 2409 designatum

945 2417 1068 2491 fuerat,
1108 2419 1276 2483 consulatu
1313 2444 1371 2487 suo
1406 2423 1584 2488 redderent
1615 2427 1691 2491 insi·

945 2521 1113 2601 gniorem‚
1143 2521 1183 2584 de
1205 2545 1269 2606 quo
1289 2525 1391 2604 infra,
1421 2529 1489 2590 sire
1508 2549 1549 2590 ex
1572 2531 1689 2593 sanita·

945 2635 994 2699 te,
1024 2621 1092 2685 site
1111 2623 1233 2714 invidia
1251 2628 1331 2690 alios
1349 2629 1570 2711 provehendi,
1601 2632 1690 2716 quod

943 2723 976 2784 in
994 2724 1182 2790 Domitiano
1202 2728 1325 2792 diserte
1345 2732 1449 2812 carpit
1468 2730 1629 2793 Ausonius
1645 2732 1689 2816 s),

944 2827 1014 2891 aive
1045 2848 1235 2912 quacunque
1268 2831 1329 2892 alia
1360 2830 1401 2892 de
1430 2853 1534 2894 causa.
1577 2834 1714 2895 Enim··

943 2947 1024 2992 vero
1047 2931 1248 2994 consulatum
1273 2952 1341 2993 reru
1367 2931 1466 2994 inisse
1488 2934 1689 3017 principibus

944 3045 1084 3112 gratam,
1108 3031 1184 3094 inde
1211 3045 1320 3114 potest
1346 3033 1506 3116 intelligi,
1530 3037 1603 3118 quia
1632 3055 1690 3098 nc·

943 3131 1341 3216 motuitimposatorum
1367 3136 1464 3200 etiam
1497 3137 1688 3202 moderatis·

944 3234 1117 3312 simorum,
1147 3237 1201 3320 qui
1233 3257 1307 3300 cum
1338 3259 1404 3302 uon
1434 3239 1606 3326 aliquoties
1630 3241 1688 3304 ite·

943 3351 1058 3400 nasset.

1256 3561 1290 3652 q.
1314 3565 1370 3628 ιιι.
1475 3527 1479 3534 ’

1009 3751 1156 3816 Consules
1178 3751 1327 3836 suffectos
1350 3753 1510 3835 ignorarit
1529 3757 1633 3820 Roma
1648 3757 1689 3819 li-

943 3848 1039 3926 bora,
1062 3849 1124 3910 nisi
1146 3870 1218 3912 cunt
1242 3855 1411 3914 consulum
1436 3879 1517 3918 unus
1538 3859 1570 3918 in
1589 3859 1689 3941 magi·

943 3961 1043 4012 stratu
1061 3965 1209 4015 mortuus
1227 3967 1294 4029 est,
1317 3954 1349 4016 in
1367 3957 1458 4036 cujus
1473 3959 1582 4022 locum
1600 3957 1688 4044 sulii·

942 4054 973 4118 ci
990 4054 1088 4116 alium
1107 4053 1139 4114 in
1159 4057 1320 4138 reliquum
1339 4060 1415 4119 anni
1432 4071 1557 4141 tempus
1574 4079 1687 4122 ueces-

942 4155 1065 4219 sciuit.
1100 4157 1275 4220 Consulum
1294 4158 1414 4241 absque
1431 4160 1491 4222 bac
1509 4181 1602 4223 causa
1622 4161 1689 4222 sui·

940 4255 1104 4321 sectorum
1122 4260 1245 4342 primus
1269 4263 1454 4346 exemplum
1477 4257 1568 4325 dedit
1586 4243 1687 4326 lulius

942 4359 1072 4426 Caesar.
1115 4367 1232 4426 Narrat
1264 4361 1328 4425 Dio
1358 4363 1399 4425 ad
1429 4385 1559 4428 annum.
1577 4365 1618 4433 V.
1647 4367 1684 4430 C.

930 4592 964 4664 b)
984 4594 1079 4658 Tacit.
1100 4596 1177 4652 Anu.
1198 4595 1274 4652 Xlll.
1296 4615 1320 4654 c.
1340 4603 1384 4658 ltl·
1504 4600 1535 4673 c)
1555 4598 1633 4657 Suet.
1655 4599 1687 4657 iu

20 4731 21 4745 q
131 4667 237 4730 walt
257 4691 285 4732 c.
305 4669 358 4730 Xl.
443 4671 477 4744 d)
497 4673 629 4734 Gratias.
649 4691 704 4741 act,
726 4679 935 4751 adludens.
956 4683 1021 4747 XV.
1102 4685 1132 4758 c)
1153 4684 1226 4742 Ball.
1247 4685 1353 4747 ciaL
1374 4687 1396 4747 l.
1417 4705 1441 4747 e
1462 4699 1523 4754 103.
1606 4689 1685 4765 Oia

976 4875 987 4907 A

1622 523 1737 592 set·
1805 493 1808 498 ’
