4244 5484
444 371 525 498 ω
837 339 840 346 “
1095 388 1288 482 oront
1319 339 1386 467 ’Χζ

377 573 381 584 ’
457 611 530 656 rent
550 585 769 672 infringeret,
798 578 987 664 ignoramus
1015 592 1137 659 aeque,
1151 597 1203 650 ‚ae
1260 572 1451 654 nemomitia
1464 571 1616 660 Gerampi
1637 569 1765 655 tradidit
1779 572 1964 662 Belleyusb).

457 695 553 780 plura
570 689 694 756 ueteris
704 663 786 756 aeri
799 685 880 760 elia,
903 681 1003 744 rebus
1022 679 1204 762 apparenti·
1262 674 1427 767 Quocirca
1455 678 1482 738 si
1511 677 1617 740 varia'e
1649 677 1810 752 nationes,
1839 692 1869 740 et
1896 681 1965 743 ttris

456 795 536 870 bus,
559 791 679 876 ignotis
695 787 811 852 causis.
1076 787 1093 802 ”
1261 779 1394 860 quidem
1423 791 1528 841 aetate
1554 799 1673 840 annum
1701 777 1834 860 primum
1860 779 1967 864 imperii

521 897 576 956 nt
600 897 651 956 Ex
665 892 840 974 doetrinae
852 903 945 946 meae
955 879 1141 966 praeceptis
1156 899 1204 944 se·
1261 880 1496 967 incompletnru
1519 900 1580 964 pro
1598 879 1762 962 completo
1777 879 1911 964 accipere
1923 903 1968 968 po·

408 1059 410 1068 ,
456 997 585 1082 quitur,
608 1009 643 1058 ut
666 995 760 1057 initio
778 989 941 1062 dixeram,
965 981 1040 1046 trib.
1062 993 1216 1064 potente.
1262 995 1388 1061 terant,
1412 983 1459 1046 sic
1473 993 1509 1043 nt
1525 980 1675 1062 proximo
1695 982 1769 1042 anni
1786 979 1882 1044 'ciuilis
1894 981 1967 1048 initio

455 1117 522 1163 tem
548 1099 683 1182 primam
714 1095 748 1153 in
776 1091 881 1156 altero
904 1104 1037 1148 canone.
1060 1103 1203 1165 semper,
1261 1085 1423 1169 inciperet
1443 1103 1544 1168 annus
1570 1081 1748 1166 secundus,
1782 1083 1897 1160 nescio,
1923 1107 1968 1150 eur

456 1215 511 1266 aut
529 1195 620 1262 certe
636 1196 831 1279 plerumque
842 1189 942 1252 luisse
959 1188 1203 1268 incompletatn,
1261 1207 1326 1248 non
1338 1203 1370 1248 et
1385 1185 1523 1250 Romani
1537 1184 1657 1258 eodem
1673 1185 1819 1267 exemplo
1834 1188 1970 1268 potuerint
2065 1202 2066 1207 ’

456 1313 659 1366 constantem
677 1314 777 1378 saepe
792 1291 902 1378 paneis
921 1289 1102 1362 mensibus,
1125 1286 1202 1372 quin
1261 1287 1335 1352 trib.
1359 1301 1552 1372 potestatem
1579 1287 1620 1350 ed
1645 1285 1721 1348 anni
1745 1287 1792 1348 sui
1820 1287 1928 1363 civilis,
1944 1289 1970 1350 id

458 1420 492 1470 et
511 1403 637 1466 diebus.
679 1399 760 1460 Nam
783 1395 811 1458 si
832 1413 862 1456 v.
886 1400 914 1454 c'.
937 1389 1048 1452 medio
1064 1389 1204 1450 Decem·
1262 1406 1330 1454 est:
1354 1391 1469 1454 Iuliani
1483 1388 1614 1452 modurn
1625 1386 1876 1464 adcommodare,
1895 1393 1971 1452 ettri·

456 1507 510 1568 bri
539 1504 611 1590 quis
642 1519 714 1562 eam
751 1493 898 1578 accepit,
932 1491 1052 1552 secutis
1087 1486 1206 1574 pauco·
1261 1492 1383 1556 bunstu
1405 1492 1510 1574 primo
1533 1489 1971 1574 incompletoordirialteram

374 1595 377 1606 ’
458 1631 532 1672 runt
571 1607 700 1666 dierum
730 1594 904 1660 intervallo
929 1589 1104 1682 -Kalendis
1140 1593 1206 1654 lan.
1262 1593 1421 1656 Kalendis
1442 1593 1972 1678 sequentibuslanuariis,siteiui·

461 1708 570 1791 coepit
591 1684 765 1766 numerare
791 1694 977 1762 secundnm.
1022 1691 1116 1785 Quod
1138 1693 1207 1776 qni·
1265 1699 1313 1758 tio
1332 1695 1408 1758 anni
1429 1697 1478 1758 aui
1497 1695 1618 1772 ciuilis,
1640 1697 1816 1779 praecipue
1833 1709 1971 1758 cnmtette

461 1812 535 1876 dem
558 1808 740 1871 institutum
762 1800 884 1863 nemini
918 1795 1020 1860 credo
1044 1793 1207 1859 ridebitur
1264 1799 1372 1860 Dione
1391 1799 1606 1878 imperatores
1623 1797 1803 1862 secundnm
1820 1797 1886 1861 trib.
1903 1811 1973 1882 pote·

463 1911 658 1988 absurdam,
681 1905 810 1992 mando
833 1899 946 1964 eadem
969 1893 1052 1961 ratio
1070 1897 1102 1958 in
1121 1917 1217 1960 com··
1266 1913 1381 1963 statem
1404 1900 1532 1981 imperii
1560 1919 1694 1984 quoque
1716 1901 1765 1964 sni
1794 1901 1974 1963 succedentes
1995 1961 1999 1973 ,

370 2047 388 2080 ,·
462 2011 612 2100 putandis
643 2009 713 2072 aire
747 2007 1000 2088 imperatorum,
1031 2001 1100 2062 sive
1131 2016 1210 2082 epo·
1266 1997 1790 2086 annoannmerareeintsolitit),
1811 2001 1976 2086 siae,qnod

335 2175 360 2188 ,,
464 2117 546 2184 chae
577 2111 667 2174 annis
696 2107 781 2192 apud
803 2107 949 2169 Graecos
973 2101 1075 2182 vulgo
1097 2099 1207 2176 valuit,
1266 2101 1385 2166 eodem
1414 2101 1550 2179 recidit,
1586 2124 1689 2164 annm
1716 2103 1863 2188 idemque
1890 2106 1975 2172 luerit,

465 2215 521 2299 qui
542 2228 698 2294 utrosque
730 2209 771 2271 ed
800 2207 875 2270 suni
905 2207 954 2268 sui
977 2201 1082 2266 ciuilis
1104 2203 1211 2264 calcu·
1266 2225 1440 2274 numerare
1461 2204 1539 2270 trib.
1563 2220 1764 2288 potestaten,
1793 2221 1880 2291 atque
1900 2225 1975 2269 annor

464 2319 532 2382 lam
553 2307 864 2383 adcommodatae,
895 2303 1097 2386 incompleta
1126 2301 1209 2366 adeo
1266 2309 1408 2394 imperii.
1760 2321 1765 2326 ·
1951 2368 1959 2381 ,

467 2435 598 2498 semper
621 2431 705 2474 anno
722 2409 846 2494 primo,
868 2407 931 2470 nisi
952 2427 1027 2469 oum
1046 2403 1133 2468 forte
1150 2404 1211 2466 ini·
1331 2413 1386 2478 IV.
1408 2409 1503 2485 Dixi,
1530 2422 1683 2474 veterent
1706 2430 1872 2484 canonem,
1900 2405 1976 2470 tribu·

466 2519 548 2580 tium
570 2513 701 2596 impet-ii
732 2511 792 2573 luit
814 2511 902 2572 idern
924 2529 997 2572 cnm
1019 2507 1111 2570 initio
1133 2506 1211 2570 noti
1268 2527 1377 2576 natum
1401 2510 1453 2572 die
1483 2511 1581 2574 natali
1605 2512 1679 2592 ejus
1703 2513 1826 2598 accepti
1852 2529 1977 2574 renotat·

462 2619 541 2684 anni
563 2615 679 2680 civilis.
722 2614 802 2696 Ejus
825 2613 975 2696 exempla
1007 2607 1134 2670 abunde
1156 2628 1211 2670 co·
1268 2611 1319 2692 di,
1341 2612 1523 2698 imperante
1543 2615 1712 2678 Antonino
1736 2627 1979 2677 estruaumare·

467 2721 556 2804 gnita
579 2730 653 2779 sunt
676 2735 717 2776 ex
739 2715 846 2775 numis
870 2711 1062 2776 Antiochiae
1086 2711 1211 2792 Syriae,
1270 2716 1434 2793 centiore,
1466 2709 1522 2798 qui
1551 2735 1625 2778 eum
1649 2715 1809 2778 Kalendis
1830 2717 1887 2777 lan.
1906 2731 1978 2776 reno·

468 2825 649 2885 Caesareae
688 2815 929 2902 Cappadociae,
972 2813 1129 2898 aliisque,
1174 2831 1212 2874 ae
1269 2831 1334 2884 tat.
1376 2818 1419 2880 At
1457 2817 1734 2900 quemadmodum
1776 2819 1843 2882 aliis
1877 2835 1978 2902 quoque

427 2989 431 3000 ,
467 2923 645 3008 praecipue
664 2915 894 2982 Alexandrinis
914 2917 1072 2999 Aegypti,
1093 2915 1125 2975 in
1143 2913 1212 3000 qui·
1268 2917 1302 2980 in
1324 2917 1424 2982 rebat
1453 2920 1587 2982 evenire
1620 2921 1727 2996 solet,
1761 2935 1795 2981 ut
1822 2941 1881 2981 non
1903 2917 1978 2980 facile

467 3026 529 3088 hus
552 3024 594 3088 de
617 3021 681 3084 hoe
711 3034 858 3082 veterum
888 3039 982 3082 more
1011 3037 1076 3080 non
1099 3037 1211 3099 pauca,
1268 3033 1363 3086 uetus
1394 3021 1527 3104 aliquod
1556 3021 1741 3086 institutum
1768 3022 1813 3084 sio
1834 3021 1982 3088 aboleatur,

468 3147 550 3210 quac
602 3125 766 3214 praesenti
820 3132 1012 3204 argumento
1056 3116 1212 3201 applicari
1268 3135 1304 3184 ut
1327 3141 1392 3184 non
1422 3121 1521 3184 etiarn
1552 3123 1660 3210 aliqua
1690 3125 1760 3205 ejus
1786 3138 1979 3206 nonuunquam

468 3241 621 3312 possunt,
645 3222 806 3306 disputavi
822 3225 862 3304 ¹).
886 3221 1012 3311 Quibus
1030 3220 1104 3284 addi
1119 3239 1213 3305 prae·
1270 3237 1446 3308 appareant
1469 3226 1622 3310 vestigia,
1656 3226 1706 3288 sio
1728 3226 1841 3290 mirum
1856 3225 1917 3284 'non
1935 3237 1981 3292 etr,

466 3345 558 3390 terea
574 3339 700 3410 potest,
724 3327 820 3392 etiam
843 3323 1058 3407 imperatores
1078 3323 1213 3384 Germa·
1269 3325 1298 3386 si
1312 3339 1441 3390 exstent
1465 3347 1566 3409 pauca
1583 3328 1744 3414 quaedam
1768 3326 1921 3410 exempla,
1938 3321 1983 3384 eti·

465 3429 558 3492 nicos
575 3425 684 3492 Caroli
699 3427 744 3488 tt.
763 3445 971 3488 soccessores
986 3424 1212 3510 proximossie
1269 3448 1321 3490 am
1341 3428 1515 3491 constituta
1538 3449 1622 3508 nota
1640 3429 1769 3492 ratione
1788 3441 1983 3509 nonnunquam

467 3549 569 3592 annos
593 3527 723 3609 imperii
739 3519 795 3586 'sui
812 3541 1036 3608 computasse,
1058 3539 1111 3600 ut,
1134 3545 1213 3609 quo·
1268 3530 1310 3593 ad
1339 3517 1497 3593 veterem
1516 3529 1616 3594 inisse
1645 3515 1802 3596 reditum
1861 3529 1983 3592 Diximus

465 3651 594 3718 cunque
612 3647 723 3691 mense
739 3625 821 3688 illud
837 3641 946 3688 essent
963 3625 1136 3714 auspicati,
1157 3647 1213 3688 au·
1270 3652 1368 3716 supra
1407 3632 1545 3695 articulo
1573 3635 1635 3710 ¹IL,
1671 3635 1705 3696 in
1735 3654 1800 3698 uno
1830 3629 1987 3711 eodemque·

466 3751 544 3793 nunt
567 3729 744 3792 secundnm
770 3747 902 3813 semper
924 3753 942 3791 a
964 3727 1123 3811 proximis
1146 3731 1212 3790 Ka·
1269 3754 1369 3796 numo
1390 3733 1434 3796 Μ.
1453 3733 1581 3796 Aurelii
1604 3736 1754 3800 Caesaris
1777 3737 1930 3818 utriusque
1947 3751 1985 3792 ra·

407 3857 411 3876 ¹
465 3831 738 3896 lendislanuariis
760 3817 1116 3914 numerarentffl'qni
1139 3851 1210 3894 mos
1270 3833 1368 3898 tionis
1399 3833 1474 3897 trib.
1503 3847 1715 3918 potestatem,
1764 3823 1799 3902 el
1824 3835 1932 3902 veteris
1959 3843 1985 3892 et

468 3937 659 3998 obser-ratus
680 3947 730 3994 est
748 3932 779 3992 in
800 3931 1085 3996 constitutionibus
1101 3931 1212 3996 Ludo·
1270 3956 1393 4012 novae,
1422 3936 1639 4000 consociatam
1667 3939 1789 4017 uideri,
1820 3937 1897 4023 quod
1919 3931 1985 4018 judi·

452 4037 531 4132 ,rici
547 4033 615 4110 Pii,
636 4033 785 4096 Lotharii
807 4037 851 4110 1.,
880 4033 1213 4114 Henrici1.,’Otlto·
1269 4037 1354 4100 cium
1377 4037 1405 4100 si
1427 4057 1492 4100 non
1515 4038 1617 4112 fallit,
1646 4043 1821 4126 perspicue
1843 4043 1986 4103 docemur.

466 4140 516 4200 nis
538 4139 603 4214 M„
625 4136 763 4198 Henrici
786 4137 840 4212 ll..
872 4135 1014 4200 Contuli
1035 4139 1095 4213 IL,
1122 4137 1213 4198 Hen-
1270 4141 1403 4204 canonis
1423 4143 1545 4206 veteris
1573 4131 1710 4206 'modum
1740 4143 1875 4208 stabilito
1899 4140 1985 4212 altero

468 4242 610 4302 nieorum
634 4241 690 4302 111.
713 4252 746 4300 et
768 4237 844 4314 Ν,
865 4237 1014 4300 bethurii
1032 4239 1071 4298 11.
1113 4238 1212 4317 Vide,
1268 4263 1335 4306 non
1365 4244 1625 4308 continuante
1653 4243 1819 4310 abolitum.
1878 4239 1935 4306 Sed
1960 4250 1990 4300 et-

468 4361 549 4425 quae
572 4338 614 4401 de
636 4339 700 4402 hoe
728 4352 920 4420 argumento
952 4361 993 4401 es
1016 4339 1213 4404 dissertatio·
1269 4345 1419 4408 nonnulli
1449 4346 1539 4410 numi
1569 4348 1673 4410 serius
1696 4348 1841 4432 percussi
1860 4357 1986 4410 veterem

465 4461 1976 4495 Q

507 4618 536 4682 'l
556 4612 662 4670 Mirum
673 4630 743 4668 ΜΘ
758 4609 920 4668 Secundum
930 4611 1175 4739 cel-rstrnannr
1188 4617 1346 4696 Tlmnderg
1359 4623 1496 4686 ininsula
1511 4629 1611 4702 lapan
1623 4629 1726 4686 aetatis
1741 4647 1828 4686 annos
1838 4625 1929 4685 eodem
1938 4639 1986 4678 tuo·

507 4531 537 4600 a)
554 4529 669 4606 Proleg.
686 4527 725 4585 sd
739 4517 911 4595 nutu-Alu-
929 4506 1124 4592 c.t.ttot.1v.
1140 4541 1225 4610 pll-
1262 4535 1724 4618 b)B.L.Tom.XXXV.p.639.
1762 4539 1984 4614 c)L.l.lll.§.tt·
2066 4531 2067 4596 i

563 4683 602 4735 do
620 4683 803 4754 computari,
819 4683 862 4735 sic
877 4695 906 4736 nt
921 4683 1017 4741 infans
1033 4705 1078 4742 rnc
1104 4687 1131 4742 io
1145 4689 1316 4750 Decembris
1333 4706 1419 4752 uatus
1430 4697 1574 4773 proximis
1584 4701 1648 4758 Kal.
1665 4703 1727 4760 lan.
1744 4700 1880 4777 inciperet
1895 4709 1983 4755 annum

528 4798 531 4804 ,
562 4753 735 4813 secundnm.
772 4754 838 4813 Not.
854 4753 925 4812 edit.
