4226 5500
457 607 508 680 n
1035 585 1422 676 numurus

462 761 578 826 donico
590 779 689 846 reges
704 757 857 824 dicuutur
870 758 1023 840 Acerrae.
1035 757 1084 844 (in
1099 759 1202 824 Chro-
1319 755 1538 826 AEROPVS.
1552 759 1593 822 11.
1615 757 1729 824 Oresti
1747 779 1849 844 puero
1867 763 1969 828 Arche·

460 865 536 929 nico
557 885 590 947 p.
614 885 660 928 m.
678 863 722 926 5ο
743 874 776 926 et
792 861 862 946 57.)
908 863 946 924 ln
970 861 1200 928 vetustioribus
1258 860 1302 924 lai
1323 859 1392 924 lilio
1422 859 1626 930 datustutoe
1644 861 1805 945 pupillum
1822 864 1970 944 interficit,

461 965 575 1028 lustini
608 961 803 1028 editionibus
831 961 932 1046 vulgo
955 961 1078 1048 legitur
1099 965 1204 1026 Euro-
1259 961 1385 1050 etipse
1405 973 1533 1046 regnat.
1555 961 1708 1043 (Diodor.
1729 964 1971 1050 harveo.)

451 1060 541 1152 pus,
576 1087 618 1130 er
645 1087 707 1151 qua
731 1064 811 1128 falsa
834 1063 979 1146 lectione
996 1085 1093 1129 enos·
1108 1063 1204 1128 fluxit
1259 1063 1413 1150 Agesilao
1429 1061 1469 1128 ah
1486 1062 1694 1146 expeditione
1710 1064 1848 1130 Asiatica
1864 1065 1972 1146 reduci,

461 1167 497 1230 in
520 1169 686 1252 catalogos
703 1186 818 1251 regum
831 1165 1043 1232 Macedoniae
1067 1167 1201 1232 a-rariis
1260 1179 1294 1229 et
1328 1184 1391 1250 per
1421 1163 1646 1230 Macedoniam
1687 1165 1818 1230 domum
1852 1169 1974 1232 tendenti

459 1269 620 1354 vulgatos.
643 1269 698 1350 (L.
713 1269 774 1334 Vll
792 1287 820 1333 u.
833 1267 879 1348 a.)
902 1267 1026 1349 Atiam
1050 1265 1204 1336 viderunt
1260 1265 1446 1332 adversatus
1461 1265 1619 1350 primum,
1641 1265 1761 1332 deinde
1781 1289 1852 1332 cum
1868 1271 1974 1355 hospite
2063 1275 2064 1280 ’

460 1371 591 1448 eruditi,
616 1370 670 1434 hic
687 1388 818 1454 qnoque
832 1367 1009 1452 legendum
1036 1372 1204 1453 Aeropus.
1258 1367 1373 1434 laedas
1394 1367 1463 1430 init.
1495 1367 1647 1450 (Polyen.
1670 1371 1770 1436 strat.
1787 1371 1874 1436 lull.
1889 1373 1975 1454 cup)
2063 1435 2064 1450 ,

460 1473 640 1558 Perperam
667 1471 746 1534 item
770 1470 823 1533 hio
847 1491 908 1532 rex
932 1471 966 1532 in
988 1471 1204 1558 panegyrico,
1260 1469 1424 1536 Mensulis
1441 1481 1476 1532 et
1496 1469 1674 1536 lucernalis
1691 1471 1882 1535 subtituendis
1901 1473 1977 1536 sedu-

460 1597 558 1662 quem
586 1573 743 1636 Nazarius
766 1569 963 1634 Constsnino
995 1573 1082 1658 Aug.
1107 1573 1204 1652 dixit,
1259 1573 1325 1638 lam
1355 1570 1484 1634 dedisse
1513 1593 1647 1656 operam
1667 1587 1780 1636 manat
1798 1575 1975 1638 Plutarchus.

425 1685 431 1700 ·
459 1691 595 1742 ιοοιῑιτ
620 1677 758 1757 Eropus.
782 1675 876 1758 (Cap.
892 1673 962 1754 eo.)
994 1674 1036 1736 At
1062 1695 1102 1738 ue
1124 1676 1206 1740 haec
1262 1674 1312 1756 (in
1328 1675 1475 1736 Demetr.
1489 1694 1522 1757 p.
1536 1673 1626 1755 897.)
1653 1673 1816 1758 Regnavit
1836 1685 1925 1740 anuos
1941 1677 1977 1744 Π

460 1793 572 1844 nostra
593 1776 693 1844 lectio
709 1775 879 1858 praeclare
898 1695 1208 1843 conflandarum·
1263 1774 1417 1858 (Diodor.
1439 1775 1464 1840 l.
1478 1775 1525 1858 c.)
1555 1787 1588 1836 et
1615 1777 1757 1839 moritur
1788 1777 1829 1844 V.
1846 1779 1879 1842 C.
1904 1776 1977 1840 circi·

462 1902 526 1967 que
550 1880 613 1944 hoo
637 1897 754 1956 numo,
791 1897 888 1960 quem
917 1895 1026 1938 coram
1055 1879 1204 1946 stitisrus.
1261 1889 1314 1940 ter
1333 1877 1407 1960 359.
1495 1945 1507 1954 ⁴

461 1987 514 2048 Ex
535 2003 599 2066 quo
615 1993 727 2062 suapte
743 1991 849 2062 patet,
874 1977 908 2038 in
923 1978 1082 2044 rocahnlo
1097 1983 1206 2046 Aero-
1323 1979 1431 2062 Atque
1452 1975 1529 2039 huic
1550 1975 1684 2060 Aeropo
1709 1997 1828 2040 numos
1846 1977 1901 2040 hoa
1919 1999 1975 2042 esse

457 2108 522 2168 pus
551 2083 679 2167 priores
705 2081 818 2143 literas
847 2101 887 2142 ue
914 2099 981 2142 nou
1014 2101 1088 2144 esse
1112 2081 1207 2166 diph·
1260 2079 1468 2155 trihuendos‚
1498 2076 1638 2142 dubitari
1666 2078 1798 2162 nequit,
1840 2081 1975 2144 Heuricus

460 2201 613 2268 tongum,
648 2181 706 2246 sed
730 2181 871 2246 diaeresi
891 2180 1103 2265 separandas,
1127 2183 1205 2246 ecri-
1261 2181 1454 2246 Dodarellus
1474 2179 1508 2240 in
1531 2180 1597 2242 suis
1618 2179 1773 2244 Annalih.
1792 2181 1926 2265 Thucpd.
1947 2183 1977 2244 ad

459 2287 570 2350 hendo
595 2285 746 2346 nimirum
777 2285 944 2366 Aeropus.
970 2284 1124 2347 Ceterum
1149 2305 1204 2348 ne·
1261 2307 1335 2350 sun.
1364 2295 1439 2346 ante
1473 2280 1549 2346 Chr.
1571 2283 1645 2358 454.
1681 2281 1838 2346 audacter
1865 2283 1977 2358 adserit,

461 2399 700 2452 cessenonest
718 2381 1050 2460 admonere,modum
1067 2383 1203 2446 AEPO·
1262 2401 1296 2452 et
1327 2385 1481 2448 Orestem
1502 2382 1681 2466 pupillum,
1712 2397 1750 2445 et
1770 2385 1924 2466 Aeropum
1941 2395 1978 2445 tu·

459 2483 527 2550 ΠΟ
549 2506 622 2550 esse
644 2485 804 2562 eundem,
830 2504 925 2568 quern
940 2484 1049 2566 jamin
1065 2485 1202 2548 aliorum
1261 2502 1367 2552 torem
1399 2507 1440 2549 ex
1467 2505 1583 2568 regum
1611 2481 1826 2550 Macedoniae
1854 2486 1976 2568 catalogo
2063 2475 2064 2506 ¹

458 2587 672 2652 Macedoniae
698 2605 814 2668 regum
846 2572 951 2648 numia
980 2585 1102 2670 scripto
1127 2587 1203 2650 ΑΡ·
1261 2612 1334 2654 esse
1373 2585 1568 2672 ejiciendos,
1604 2585 1681 2669 quin
1708 2598 1744 2648 et
1774 2587 1930 2671 Aeropum
1951 2599 1976 2650 et

458 2683 644 2766 ΧΕΛΑΟ,
682 2681 967 2756 ΑΛΕΞΑΝΔΡΟ
994 2701 1055 2752 ete.
1092 2689 1201 2754 ohser·
1260 2691 1457 2754 Archelaum
1490 2709 1590 2750 uuum
1617 2707 1690 2750 esse
1720 2687 1917 2772 eundemque
1938 2709 1977 2750 rc·

459 2791 617 2856 ravimus.
1260 2815 1348 2878 geru.
1377 2789 1599 2854 Temerariam
1614 2789 1678 2854 riri
1698 2789 1822 2851 eruditi
1841 2788 1978 2853 conliden-

524 2893 682 2974 Superest
696 2887 882 2972 inquirere,
898 2885 1061 2974 ediquem
1078 2912 1120 2954 ex
1134 2893 1205 2978 plu·
1260 2896 1337 2957 tiam
1368 2894 1432 2978 jam
1461 2891 1660 2976 argumentis
1689 2889 1854 2954 historicis
1883 2891 1977 2956 evertit
2063 2973 2064 2976 Ἴ

459 2993 550 3058 ribus
559 2991 727 3075 Aeropum
741 2988 774 3050 hi
791 2991 880 3052 nomi
887 2991 1081 3075 pertincant.
1098 2995 1204 3058 Omis·
1259 2994 1501 3080 Wesselingius
1528 2991 1570 3055 ad
1600 2991 1767 3056 laudatum
1788 2991 1919 3056 Diodori
1943 2992 1977 3054 lo

461 3113 497 3156 so
517 3093 735 3158 vetustissimo
760 3091 836 3169 illo,
863 3115 960 3176 quem
979 3095 1128 3158 nonnulli
1142 3095 1204 3178 ipsi
1261 3117 1350 3173 cum,
1392 3109 1424 3159 at
1453 3117 1539 3160 nunc
1567 3095 1669 3158 multo
1699 3116 1775 3158 eam
1806 3094 1917 3158 certius
1944 3093 1978 3152 di·

460 3199 587 3257 Carauo
610 3213 788 3270 coaevum,
825 3194 903 3278 quin
932 3209 967 3258 et
993 3195 1129 3260 fratrem
1157 3196 1203 3260 ia·
1261 3199 1418 3282 sperdunt
1447 3198 1552 3274 nurui,
1584 3217 1723 3282 quorum
1746 3197 1827 3260 alios
1847 3195 1975 3258 Amemus

463 3297 570 3372 ciunt,
1262 3299 1433 3376 Archelai,
1455 3299 1536 3363 alios
1557 3318 1674 3360 recena
1695 3311 1847 3379 repertos
1864 3295 1976 3380 Aeropi.

526 3393 733 3462 AEROPVS
759 3397 783 3462 l.
812 3410 1010 3462 memoratur
1035 3399 1075 3462 ah
1099 3401 1208 3465 Hero-

464 3499 559 3576 eon,
581 3497 725 3582 Philippa
742 3501 767 3563 1.
792 3498 888 3566 atras.
920 3500 1015 3582 (tc.)
1037 3501 1206 3564 sennenn
1446 3481 1546 3548 P·8⁶·
1565 3480 1627 3542 0⁰1·
1641 3479 1817 3566 2»t'nfinr

462 3599 618 3675 lustinus,
635 3599 673 3676 (l.
685 3601 731 3682 c.)
745 3603 799 3685 qui
815 3617 849 3666 et
862 3601 969 3678 addit,
985 3623 1099 3686 regem
1118 3603 1204 3666 huuc
1325 3605 1444 3668 Nactus
1462 3615 1512 3665 est
1527 3599 1663 3664 illustria
1679 3599 1735 3664 hio
1752 3601 1920 3666 Pausaniae
1936 3621 1980 3662 nu·

419 3757 421 3764 .
462 3699 568 3763 adhuc
602 3699 757 3764 infantem
783 3701 874 3766 hello
898 3703 1029 3786 lllyrioo
1054 3703 1088 3766 in
1113 3703 1204 3768 cuuis
1260 3727 1332 3770 mss
1353 3719 1529 3788 argenteus
1550 3701 1702 3766 comitem
1724 3723 1872 3765 aeneum.

462 3813 720 3884 praegestaturn,
760 3803 895 3890 ejusque
927 3804 1110 3888 praesentia
1141 3804 1207 3868 ani·
1329 3809 1436 3888 Caput
1447 3807 1595 3886 juvenile
1606 3806 1843 3868 diadematum.

463 3917 567 3966 matos
601 3899 797 3965 Macedones
833 3904 993 3988 insignem
1036 3906 1203 3970 victoriam
1259 3903 1570 3972 ΞΠΑΤΣΑΝΙΑ.
1592 3907 1661 3970 teo
1688 3907 1847 3968 dimidius
1866 3905 1978 3968 satem.

463 4018 660 4088 reportasse.
707 4005 841 4068 Factum
864 4005 949 4068 istud
975 4005 1080 4070 refert
1106 4008 1204 4070 etiarn
1260 4011 1329 4072 ΔΕ.
1350 4013 1404 4074 lll.

463 4107 610 4170 laudatus
623 4107 895 4186 suprastaries.
910 4109 1030 4172 Fertur
1046 4129 1202 4192 regnasse
1321 4113 1405 4174 Eum
1444 4109 1542 4172 ahhas
1586 4107 1734 4170 Sestinus
1765 4128 1808 4168 ex
1835 4106 1978 4191 locuplete
2063 4165 2064 4192 ,

464 4308 727 4374 oetasecundum
745 4311 951 4376 Herodotum
961 4313 1201 4390 etEusehiunt,
1259 4314 1302 4380 V.
1318 4335 1351 4397 p.
1363 4287 1535 4395 vtttstx)
1566 4315 1807 4400 Integenrimmi
1828 4311 1916 4398 hujus
1933 4332 1979 4372 uu·

335 4235 342 4243 ·
463 4229 565 4272 annos
584 4207 703 4274 xxv1.
720 4208 838 4272 relicto
853 4229 1042 4273 successore
1061 4209 1129 4274 lilio
1147 4213 1203 4274 Al·
1258 4233 1371 4279 museo
1393 4210 1577 4276 Cousinerii
1599 4209 1711 4276 edidit.
1731 4210 1879 4292 (Lettere
1899 4211 1977 4274 Tum.
2063 4207 2064 4230 l

464 4431 545 4494 quos
566 4411 750 4489 citavimus,
785 4427 816 4477 nt
847 4413 1025 4478 secundum
1047 4417 1202 4478 lustinum
1260 4415 1306 4476 nni
1335 4413 1497 4479 beneficio
1525 4415 1705 4482 illustratur
1732 4439 1850 4480 numus
1876 4411 1977 4477 sitnilli·
2063 4489 2064 4498 χ

463 4512 602 4593 Amynta
617 4517 642 4577 t.
663 4515 761 4578 Aetas
779 4514 874 4596 hujus
890 4515 978 4599 ragis
998 4515 1131 4580 nimium
1152 4539 1204 4581 re-
1260 4537 1331 4580 mus
1360 4515 1464 4580 musei
1495 4519 1664 4597 Caesarei,
1701 4540 1799 4602 quem
1827 4516 1897 4602 quia
1921 4533 1978 4596 spe·

464 4625 568 4686 mota,
590 4613 645 4696 qui
663 4631 804 4678 exeunte
827 4617 932 4680 altero
947 4617 1035 4679 nrhis
1054 4619 1203 4684 conditae
1259 4617 1353 4679 etatis
1378 4617 1501 4702 aliquot
1528 4620 1634 4684 literis
1660 4642 1793 4685 mancus
1823 4631 1891 4696 est,
1914 4615 1977 4677 olim

465 4711 597 4773 saeculo
628 4713 714 4777 diem
747 4717 865 4790 obivit,
904 4715 1001 4782 alium
1036 4721 1203 4805 respicere
1259 4718 1348 4781 iuter
1370 4717 1514 4784 incertos
1535 4722 1712 4787 edideram.
1735 4719 1892 4804 (Catslog.
1909 4735 1975 4778 mus.

467 4809 562 4892 hujus
583 4814 720 4879 nominis
741 4839 854 4902 regem
877 4819 978 4903 juhet.
1261 4821 1354 4890 Caes.
1367 4823 1460 4886 Tem.
1469 4825 1494 4886 1.
1511 4845 1543 4908 p.
1554 4825 1628 4909 nec).
1644 4838 1678 4888 et
1691 4813 1976 4906 aab.vt.nnn.10·)
