4244 5484
440 459 511 532 ,2,
1078 381 1276 500 capvt
1306 424 1357 500 x,

439 623 572 690 insidias
611 612 729 680 struxit
766 624 916 694 tempore
956 607 1187 686 Suturnsiium,
1246 607 1349 674 ΤΟΝ.
1377 611 1407 689 ¹)
1451 628 1515 692 quo
1544 605 1663 674 ttsrsm
1693 609 1866 692 doeemur,
1901 617 1978 682 nihil

439 727 580 814 quiboe
603 735 716 781 mense
738 715 928 798 agebantur.
1244 729 1318 772 esse
1341 723 1406 774 tutu
1428 733 1447 774 a
1468 730 1545 774 vers
1568 711 1704 775 historie
1723 719 1880 793 alienum,
1897 721 1980 804 qnod

501 829 544 890 As
564 824 656 886 litem
680 817 760 880 tuibi
778 811 934 876 intentari
958 809 1055 876 video
1077 807 1187 888 abiis,
1243 830 1310 874 non
1348 825 1557 894 monumenta
1588 835 1607 876 a
1637 817 1773 882 remotis
1811 821 1980 903 provincii,

442 933 498 1018 qui
527 929 645 992 Getam
676 935 750 984 unte
781 913 1021 1000 profectionem
1051 912 1085 972 in
1113 911 1187 974 nri·
1242 913 1345 1000 petita
1365 912 1550 978 obtrudunt.
1650 939 1651 942 ¹

427 1025 581 1096 ‘tenuium
603 1028 781 1106 Augustum
801 1018 834 1078 in
858 1015 941 1078 urbe
961 1013 1086 1076 dietum
1110 1032 1187 1078 oon·

440 1132 596 1204 tendunt,
640 1145 736 1210 quum
776 1141 817 1206 ex
855 1117 973 1180 nnmis¹
1000 1115 1185 1180 eameattae

439 1245 567 1300 eertum
596 1239 644 1292 est
674 1225 851 1287 institutum
882 1237 967 1283 unno
988 1219 1031 1288 V.
1053 1219 1091 1281 C.
1112 1215 1184 1298 obt:

438 1335 580 1408 Fateor,
604 1327 827 1390 Britannicum
849 1321 937 1385 istud
957 1318 1022 1382 iter
1043 1317 1077 1378 in
1098 1317 1186 1382 buno
1306 1319 1470 1386 motinus
1492 1321 1683 1407 imperium,
1706 1323 1980 1409 quodX1.Apri.

439 1453 558 1500 aunum
581 1431 720 1509 eadere3
742 1446 816 1490 num
841 1424 881 1486 id.
900 1442 953 1484 me
975 1419 1116 1486 eredere
1137 1418 1184 1502 ju·
1242 1421 1283 1484 lis
1303 1421 1342 1490 V.
1363 1423 1400 1488 (2.
1418 1441 1481 1504 970
1504 1423 1641 1506 arripuit
1655 1421 1704 1506 ¹³),
1729 1427 1856 1517 nonni-ssi
1882 1449 1978 1514 usque

438 1537 520 1601 berit
549 1532 649 1596 nunti.
692 1533 736 1594 At
762 1525 892 1591 nonnisi
922 1521 1111 1598 arbitrario,
1150 1532 1185 1584 et
1242 1523 1283 1586 ad
1300 1522 1388 1588 diem
1406 1525 1593 1593 Vlll.lunii
1610 1527 1685 1588 anni
1704 1529 1893 1612 sequentis,
1922 1549 1979 1612 quo

1471 1119 1765 1184 uAceltho'.
1843 1189 1845 1192 ,

334 1707 337 1716 ,
438 1637 532 1702 nullo
559 1647 653 1698 oerto
677 1641 870 1714 argumento
897 1626 1077 1700 adseritur,
1108 1641 1184 1686 enm
1242 1626 1347 1690 vietus
1387 1640 1455 1703 est,
1498 1627 1646 1692 retinnit.
1688 1621 1864 1714 imperavit
1905 1631 1981 1694 edeu

437 1742 502 1825 jum
518 1749 593 1800 unte
610 1738 673 1796 boe
690 1734 753 1795 iter
771 1733 952 1812 Augustum
968 1746 1041 1789 esse
1058 1724 1184 1807 proelu-
1241 1749 1360 1792 snnnm
1394 1749 1511 1805 nuum,
1548 1751 1679 1794 menses
1709 1731 1807 1807 duos,
1844 1731 1980 1818 demptis

322 1911 330 1918 ,
436 1853 576 1918 tnutum3
599 1837 821 1922 quincentum
839 1825 1183 1894 estexnumoGetue
1241 1827 1357 1894 diebus
1379 1830 1502 1902 tribus,
1524 1845 1561 1893 nt
1579 1834 1645 1895 Dio
1666 1834 1736 1916 ipse
1755 1833 1882 1896 diserte
1901 1855 1979 1898 eunt·

436 1941 618 2024 inscripto:
652 1933 957 1998 Ltssettehths.
980 1931 1052 2004 Vt,
1063 1986 1071 2000 ‚
1084 1947 1182 2012 quent
1239 1943 1331 2014 putat
1345 1934 1388 2013 θ).
1410 1932 1513 2012 Igitur
1531 1953 1722 2018 quacunque
1740 1937 1904 1998 sententia
1920 1951 1982 2000 uta,-

438 2043 479 2106 sd
503 2041 643 2104 eundem
671 2058 789 2101 annum
813 2032 964 2108 recitari,
1002 2049 1077 2092 eum
1103 2043 1182 2106 tum,
1240 2055 1295 2108 re,
1318 2033 1505 2095 numerabis
1524 2035 1704 2098 tribunatus
1720 2035 1815 2100 dnos.
1837 2039 1885 2098 At
1900 2037 1980 2098 enim

437 2167 513 2210 eutn
548 2141 749 2223 congiarium
783 2134 870 2198 istud
905 2144 1075 2227 erogetuut
1110 2130 1182 2207 tuit,
1239 2153 1306 2224 nott
1338 2155 1451 2216 parum
1481 2135 1607 2198 laborat
1636 2127 1709 2212 itta,
1738 2159 1820 2222 quae
1847 2154 1997 2202 renota·=

438 2243 527 2334 quod
556 2243 676 2308 factum
707 2237 817 2322 paullo
851 2247 925 2298 unte
956 2231 1077 2296 dietum
1106 2234 1181 2310 iter,
1238 2249 1303 2298 tuus
1328 2235 1412 2298 buno
1434 2247 1629 2319 potestatem
1655 2237 1709 2300 die
1732 2239 1830 2301 nstnli
1852 2237 1980 2322 imperii

436 2351 609 2414 Caesarem
649 2341 771 2414 sdbne,
816 2339 998 2416 Augustum
1036 2333 1181 2396 nuntium
1239 2336 1415 2400 constituit.
1460 2338 1647 2402 Secundum
1675 2339 1758 2400 buno
1786 2343 1903 2422 eoepit
1930 2341 1979 2401 tri·

434 2449 542 2512 fuisse.
578 2445 688 2538 Quare
706 2461 778 2504 oum
797 2438 922 2500 nullum
942 2449 1068 2498 eertum
1087 2455 1182 2516 ergu-
1238 2437 1374 2502 bunetus
1400 2439 1440 2498 11.
1470 2439 1524 2501 die
1546 2442 1602 2504 xt.
1633 2439 1755 2522 Aprilis
1785 2441 1826 2508 V.
1849 2443 1890 2506 C.
1913 2463 1979 2524 ⁶57¹·
2087 2523 2088 2540 Χ

435 2563 581 2614 mentum
610 2557 740 2628 praesto
770 2541 827 2613 sit,
857 2537 944 2621 quod
966 2539 1082 2599 Getam
1105 2549 1179 2598 unte
1237 2541 1281 2604 At
1302 2559 1407 2623 nequo
1438 2539 1510 2603 iere
1540 2561 1678 2605 numero
1710 2540 1875 2604 bubentur
1897 2545 1979 2606 numi

435 2650 678 2736 expeditionem
693 2641 911 2706 Britannicam
929 2637 1181 2720 Augustumud·
1237 2641 1397 2704 alterutro
1431 2641 1596 2705 tribunatu
1630 2645 1741 2706 notati.
1787 2646 1874 2740 Quis
1906 2665 1977 2708 ,ero
2087 2639 2088 2660 ¹

434 2753 560 2828 firmet,
584 2749 630 2810 sie
654 2759 689 2808 ut
714 2763 756 2806 tte
779 2741 841 2827 ipsi
862 2739 994 2826 quidem
1015 2739 1178 2816 Petarius,
1238 2761 1303 2807 nou
1326 2742 1431 2820 vides,
1465 2745 1568 2810 inuito
1590 2747 1750 2810 minorem
1775 2765 1847 2810 esse
1874 2767 1978 2808 nnme-

435 2867 474 2920 et
491 2849 720 2916 Tiiiemontius
745 2843 833 2907 istud
855 2855 925 2905 tuto
946 2841 1102 2904 sdserere
1125 2863 1179 2906 un·

434 2957 548 3032 deant,
565 2951 712 3016 standum
729 2945 842 3010 hercle
858 2946 979 3028 judioio
993 2963 1177 3020 numerum,

433 3075 551 3122 sunum
580 3064 772 3136 sequentem
798 3049 906 3133 potius
935 3045 1176 3109 stabilientiutn.

434 3161 550 3223 Diotus
576 3175 657 3238 ergo
683 3165 733 3214 est
755 3153 920 3232 Augustus
943 3150 976 3210 in
1002 3149 1176 3224 Britannia,

434 3275 470 3324 ut
491 3259 568 3323 oiim
588 3257 691 3318 dietus
712 3266 761 3316 est
778 3254 898 3314 Csessr
914 3251 947 3312 iu
964 3249 1121 3328 Oriente,
1144 3261 1178 3312 et

433 3378 470 3428 nt
484 3359 648 3426 Caracalla
663 3354 836 3426 viminacii
853 3353 986 3430 Caesar,
1009 3353 1042 3414 in
1059 3351 1177 3416 Orien·

433 3477 467 3528 te
489 3469 664 3544 Angustus.

495 3567 576 3628 Cum
591 3561 693 3642 igitur
704 3553 974 3639 persuadentibus
988 3573 1177 3622 monumen·

431 3665 473 3727 tit
490 3675 615 3727 eertum
631 3659 687 3734 sit,
711 3658 825 3718 Getum
842 3677 927 3720 anno
943 3655 1073 3718 demum
1084 3657 1127 3723 V.
1138 3657 1175 3721 C.

431 3767 492 3850 9⁶²
511 3759 762 3849 imperatorem,
792 3773 826 3820 et
843 3764 1023 3840 Augustum
1042 3757 1175 3834 dietum,

430 3864 536 3950 patet,
567 3863 663 3948 quale
695 3859 849 3946 judicium
872 3859 1046 3922 ferendum
1069 3860 1110 3921 sit
1132 3859 1174 3924 de

429 3963 712 4050 inscriptionibus,
741 3983 819 4046 quus
842 3961 1013 4024 eolumnse
1035 3975 1175 4046 quatuor

430 4070 586 4132 milliares
606 4069 638 4129 in
656 4085 735 4148 egro
753 4066 942 4150 Augustuno
960 4061 1099 4128 effossae
1119 4087 1176 4129 ex-

429 4171 561 4245 hibent,
588 4171 620 4230 in
652 4167 767 4252 quibua
797 4169 928 4230 labente
951 4167 1068 4230 Severi
1095 4167 1174 4231 trib.

1235 2865 1309 2906 unm
1331 2847 1455 2910 debere
1478 2867 1669 2925 numerum,
1699 2847 1755 2932 qui
1778 2847 1886 2930 spatio
1908 2845 1979 2908 duu-

1234 2965 1309 3007 rutu
1348 2951 1529 3027 mensium,
1573 2965 1608 3013 et
1646 2949 1795 3012 nonnihil
1832 2950 1979 3033 amplius,

1235 3069 1330 3132 quum
1363 3051 1419 3134 qui
1447 3073 1555 3116 annuo
1587 3051 1733 3136 pereunti
1763 3055 1862 3116 sunt?
1901 3053 1979 3114 Con·

1234 3149 1288 3212 fet·
1307 3171 1413 3226 nune,
1437 3155 1465 3215 si
1486 3154 1594 3230 lubet,
1617 3153 1810 3217 sententium
1832 3151 1979 3227 alterum,

1236 3271 1319 3334 quse
1353 3253 1447 3316 initio
1483 3257 1559 3317 unni
1589 3256 1705 3318 luiiini
1735 3274 1808 3316 eant
1836 3252 1977 3338 duplica·

1234 3367 1298 3416 tem
1330 3357 1454 3438 arguit,
1482 3371 1515 3419 et
1536 3357 1673 3420 hebebis
1694 3377 1756 3440 pro
1779 3375 1820 3418 eo
1841 3374 1979 3418 numeru

1234 3475 1351 3518 ennom
1391 3457 1559 3520 dimidium
1599 3473 1634 3523 et
1672 3461 1825 3543 amplius,
1860 3476 1977 3543 nempe

1234 3557 1340 3620 donee
1370 3559 1402 3618 io
1431 3560 1513 3620 urbe
1545 3561 1667 3626 vietum
1693 3565 1836 3646 primunt
1865 3561 1977 3624 Macri·

1232 3677 1326 3736 uum,
1345 3679 1383 3722 ne
1406 3657 1524 3723 deiude
1547 3662 1637 3724 nulia
1659 3663 1819 3726 evadendi
1840 3682 1903 3748 spe
1923 3663 1978 3724 bo·

1233 3761 1334 3825 stibus
1356 3757 1521 3846 proditum
1544 3763 1723 3828 constabat:
1773 3802 1776 3806 -

1296 3863 1349 3925 Act
1371 3865 1555 3928 oonsulutus
1579 3865 1665 3949 quod
1688 3867 1818 3944 attinet,
1839 3876 1973 3944 constat,
2086 3949 2087 3958 ἦ

1232 3985 1306 4029 eunt
1330 3979 1404 4028 ante
1426 3981 1592 4049 urreptum
1614 3963 1974 4050 imperium'coneulem

1230 4089 1297 4132 non
1313 4068 1433 4145 fuisse,
1456 4081 1488 4130 at
1507 4083 1676 4152 postquam
1692 4061 1873 4154 imperator
1888 4067 1975 4150 ugni·
2086 4067 2087 4072 ’

1231 4183 1282 4232 tus
1300 4183 1367 4246 est,
1390 4189 1467 4232 mox
1485 4172 1516 4232 ei
1535 4171 1667 4234 decreta
1689 4185 1878 4234 ornaments
1900 4191 1974 4233 con·

428 4285 588 4355 potestate
609 4273 684 4348 tx„
706 4291 765 4334 seu
787 4289 871 4330 enno
891 4271 930 4335 V.
950 4271 985 4331 C.
1005 4273 1067 4351 obl,
1089 4269 1173 4332 Geta
1229 4271 1364 4348 suturis,
1384 4285 1418 4336 ut
1435 4271 1558 4335 diserte
1573 4274 1639 4338 Dio
1654 4273 1697 4356 d).
1726 4276 1875 4342 Voluisse
1892 4274 1973 4335 bueo

429 4373 548 4437 dieitur
569 4371 657 4436 tnt‘.
679 4377 719 4438 Ρ.
747 4372 921 4434 sepem.
947 4371 1077 4432 GE'I'A.
1099 4371 1174 4436 ΔΝ·
1228 4375 1331 4436 instsr
1353 4375 1539 4438 consulatus
1562 4377 1648 4452 veti,
1667 4395 1733 4438 uon
1754 4375 1853 4438 modo
1875 4373 1972 4438 dooe-

989 4605 1047 4692 ns>
1067 4563 1125 4669 nn
1143 4607 1176 4666 J..
1194 4605 1356 4671 nxxvttt.
1377 4612 1404 4686 s.
1425 4621 1468 4668 ιι.
1559 4559 1684 4684 ..sn
1705 4561 1731 4682 s.
1748 4561 1792 4670 n.
1878 4562 1967 4679 arn.

463 4610 493 4672 a)
513 4603 624 4660 Gruter
642 4625 708 4683 pag.
730 4617 792 4672 157.
811 4615 829 4667 2
846 4637 883 4686 -3
900 4613 927 4669 5.

426 4691 586 4754 Lxxvnt
607 4697 631 4766 ς.
653 4705 695 4760 13.
