<?xml version="1.0" encoding="UTF-8"?>
<!DOCTYPE html PUBLIC "-//W3C//DTD XHTML 1.0 Transitional//EN"
    "http://www.w3.org/TR/xhtml1/DTD/xhtml1-transitional.dtd">
<html xmlns="http://www.w3.org/1999/xhtml" xml:lang="en" lang="en">
 <head>
  <title>
</title>
<meta http-equiv="Content-Type" content="text/html;charset=utf-8" />
  <meta name='ocr-system' content='tesseract 3.04.00' />
  <meta name='ocr-capabilities' content='ocr_page ocr_carea ocr_par ocr_line ocrx_word'/>
</head>
<body>
  <div class='ocr_page' id='page_1' title='image "./doctrinanumorum01hohlgoog_0346.png"; bbox 0 0 4236 5480; ppageno 0'>
   <div class='ocr_carea' id='block_1_1' title="bbox 163 1529 1562 1754">
    <p class='ocr_par' dir='ltr' id='par_1_1' title="bbox 163 1467 1562 1773">
     <span class='ocr_line' id='line_1_1' title="bbox 163 1529 1562 1754; baseline 0.004 -54"><span class='ocrx_word' id='word_1_1' title='bbox 163 1617 172 1627; x_wconf 90' lang='lat'>-</span> <span class='ocrx_word' id='word_1_2' title='bbox 226 1547 872 1713; x_wconf 75' lang='lat' dir='ltr'><strong>&#39;onsuuvnua</strong></span> <span class='ocrx_word' id='word_1_3' title='bbox 954 1529 1562 1754; x_wconf 76' lang='lat' dir='ltr'><strong>uuuunsurn</strong></span> 
     </span>
    </p>
   </div>
   <div class='ocr_carea' id='block_1_2' title="bbox 705 2031 1099 2072">
    <p class='ocr_par' dir='ltr' id='par_1_2' title="bbox 705 2031 1099 2072">
     <span class='ocr_line' id='line_1_2' title="bbox 705 2031 1099 2072; baseline -0.005 -8"><span class='ocrx_word' id='word_1_4' title='bbox 705 2031 1099 2072; x_wconf 47' lang='lat' dir='ltr'><strong>m</strong></span> 
     </span>
    </p>
   </div>
   <div class='ocr_carea' id='block_1_3' title="bbox 375 2495 1339 2688">
    <p class='ocr_par' dir='ltr' id='par_1_3' title="bbox 375 2495 1339 2688">
     <span class='ocr_line' id='line_1_3' title="bbox 375 2495 1339 2688; baseline 0 -56"><span class='ocrx_word' id='word_1_5' title='bbox 375 2495 1339 2688; x_wconf 57' lang='lat' dir='ltr'><strong>genuero!</strong></span> 
     </span>
    </p>
   </div>
   <div class='ocr_carea' id='block_1_4' title="bbox 484 3025 1328 3145">
    <p class='ocr_par' dir='ltr' id='par_1_4' title="bbox 484 3025 1328 3145">
     <span class='ocr_line' id='line_1_4' title="bbox 484 3025 1328 3145; baseline -0.005 -3"><span class='ocrx_word' id='word_1_6' title='bbox 484 3081 554 3144; x_wconf 81' lang='lat' dir='ltr'><strong>nu</strong></span> <span class='ocrx_word' id='word_1_7' title='bbox 596 3077 934 3145; x_wconf 69' lang='lat' dir='ltr'><strong>sosoma-ru</strong></span> <span class='ocrx_word' id='word_1_8' title='bbox 973 3025 1328 3144; x_wconf 58' lang='lat' dir='ltr'><strong>enumerare.</strong></span> 
     </span>
    </p>
   </div>
   <div class='ocr_carea' id='block_1_5' title="bbox 127 3275 1688 3721">
    <p class='ocr_par' dir='ltr' id='par_1_5' title="bbox 127 3275 1688 3721">
     <span class='ocr_line' id='line_1_5' title="bbox 129 3275 1687 3426; baseline -0.008 -26"><span class='ocrx_word' id='word_1_9' title='bbox 129 3275 244 3424; x_wconf 81' lang='lat' dir='ltr'><strong>Quas</strong></span> <span class='ocrx_word' id='word_1_10' title='bbox 265 3333 373 3398; x_wconf 83' lang='lat' dir='ltr'><strong>luerit</strong></span> <span class='ocrx_word' id='word_1_11' title='bbox 400 3333 587 3398; x_wconf 84' lang='lat' dir='ltr'><strong>consulatus</strong></span> <span class='ocrx_word' id='word_1_12' title='bbox 613 3333 753 3397; x_wconf 84' lang='lat' dir='ltr'><strong>Romani</strong></span> <span class='ocrx_word' id='word_1_13' title='bbox 776 3333 882 3418; x_wconf 89' lang='lat' dir='ltr'><strong>origo,</strong></span> <span class='ocrx_word' id='word_1_14' title='bbox 939 3325 981 3392; x_wconf 86' lang='lat' dir='ltr'><strong>ad</strong></span> <span class='ocrx_word' id='word_1_15' title='bbox 999 3327 1137 3393; x_wconf 85' lang='lat' dir='ltr'><strong>inferius</strong></span> <span class='ocrx_word' id='word_1_16' title='bbox 1160 3351 1276 3398; x_wconf 78' lang='lat' dir='ltr'><strong>uerum</strong></span> <span class='ocrx_word' id='word_1_17' title='bbox 1292 3331 1488 3414; x_wconf 76' lang='lat' dir='ltr'><strong>obtinuerit,</strong></span> <span class='ocrx_word' id='word_1_18' title='bbox 1511 3348 1546 3400; x_wconf 85' lang='lat' dir='ltr'><strong>ur</strong></span> <span class='ocrx_word' id='word_1_19' title='bbox 1565 3338 1687 3426; x_wconf 69' lang='lat' dir='ltr'><strong>princi.</strong></span> 
     </span>
     <span class='ocr_line' id='line_1_6' title="bbox 128 3425 1687 3524; baseline 0.005 -27"><span class='ocrx_word' id='word_1_20' title='bbox 128 3459 212 3521; x_wconf 78' lang='lat' dir='ltr'><strong>quae</strong></span> <span class='ocrx_word' id='word_1_21' title='bbox 229 3436 394 3522; x_wconf 86' lang='lat' dir='ltr'><strong>dignitas,</strong></span> <span class='ocrx_word' id='word_1_22' title='bbox 417 3451 536 3523; x_wconf 82' lang='lat' dir='ltr'><strong>quanla</strong></span> <span class='ocrx_word' id='word_1_23' title='bbox 551 3449 714 3521; x_wconf 83' lang='lat' dir='ltr'><strong>potestas,</strong></span> <span class='ocrx_word' id='word_1_24' title='bbox 738 3456 819 3524; x_wconf 86' lang='lat' dir='ltr'><strong>quae</strong></span> <span class='ocrx_word' id='word_1_25' title='bbox 837 3435 884 3500; x_wconf 83' lang='lat' dir='ltr'><strong>vi·</strong></span> <span class='ocrx_word' id='word_1_26' title='bbox 939 3452 999 3516; x_wconf 86' lang='lat' dir='ltr'><strong>pes</strong></span> <span class='ocrx_word' id='word_1_27' title='bbox 1015 3431 1200 3496; x_wconf 88' lang='lat' dir='ltr'><strong>consulatus</strong></span> <span class='ocrx_word' id='word_1_28' title='bbox 1222 3425 1319 3512; x_wconf 75' lang='lat' dir='ltr'><strong>suos,</strong></span> <span class='ocrx_word' id='word_1_29' title='bbox 1343 3451 1524 3524; x_wconf 86' lang='lat' dir='ltr'><strong>eorumque</strong></span> <span class='ocrx_word' id='word_1_30' title='bbox 1541 3430 1687 3506; x_wconf 83' lang='lat' dir='ltr'><strong>iteratio·</strong></span> 
     </span>
     <span class='ocr_line' id='line_1_7' title="bbox 127 3535 1687 3624; baseline 0.001 -20"><span class='ocrx_word' id='word_1_31' title='bbox 127 3539 360 3617; x_wconf 51' lang='lat' dir='ltr'><strong>ebitudinem</strong></span> <span class='ocrx_word' id='word_1_32' title='bbox 391 3538 481 3602; x_wconf 87' lang='lat' dir='ltr'><strong>istud</strong></span> <span class='ocrx_word' id='word_1_33' title='bbox 504 3559 601 3603; x_wconf 87' lang='lat' dir='ltr'><strong>omne</strong></span> <span class='ocrx_word' id='word_1_34' title='bbox 628 3539 794 3624; x_wconf 83' lang='lat' dir='ltr'><strong>explicare</strong></span> <span class='ocrx_word' id='word_1_35' title='bbox 816 3535 884 3602; x_wconf 89' lang='lat' dir='ltr'><strong>mei</strong></span> <span class='ocrx_word' id='word_1_36' title='bbox 940 3556 1017 3598; x_wconf 88' lang='lat' dir='ltr'><strong>nem</strong></span> <span class='ocrx_word' id='word_1_37' title='bbox 1034 3536 1687 3615; x_wconf 53' lang='lat' dir='ltr'><strong>monetaeinscribereumdubitsrone·</strong></span> 
     </span>
     <span class='ocr_line' id='line_1_8' title="bbox 128 3639 1688 3721; baseline 0.005 -18"><span class='ocrx_word' id='word_1_38' title='bbox 128 3643 272 3706; x_wconf 85' lang='lat' dir='ltr'><strong>instituti</strong></span> <span class='ocrx_word' id='word_1_39' title='bbox 291 3660 362 3704; x_wconf 91' lang='lat' dir='ltr'><strong>nou</strong></span> <span class='ocrx_word' id='word_1_40' title='bbox 388 3655 453 3720; x_wconf 84' lang='lat' dir='ltr'><strong>est,</strong></span> <span class='ocrx_word' id='word_1_41' title='bbox 482 3654 517 3704; x_wconf 91' lang='lat' dir='ltr'><strong>et</strong></span> <span class='ocrx_word' id='word_1_42' title='bbox 533 3639 662 3704; x_wconf 84' lang='lat' dir='ltr'><strong>abunde</strong></span> <span class='ocrx_word' id='word_1_43' title='bbox 687 3661 728 3704; x_wconf 88' lang='lat' dir='ltr'><strong>ex</strong></span> <span class='ocrx_word' id='word_1_44' title='bbox 743 3641 884 3706; x_wconf 79' lang='lat' dir='ltr'><strong>historia</strong></span> <span class='ocrx_word' id='word_1_45' title='bbox 940 3659 995 3701; x_wconf 89' lang='lat' dir='ltr'><strong>mo</strong></span> <span class='ocrx_word' id='word_1_46' title='bbox 1021 3651 1147 3721; x_wconf 87' lang='lat' dir='ltr'><strong>potest,</strong></span> <span class='ocrx_word' id='word_1_47' title='bbox 1187 3639 1412 3703; x_wconf 72' lang='lat' dir='ltr'><strong>consulatuum</strong></span> <span class='ocrx_word' id='word_1_48' title='bbox 1449 3643 1688 3713; x_wconf 73' lang='lat' dir='ltr'><strong>caesareorum</strong></span> 
     </span>
    </p>
   </div>
   <div class='ocr_carea' id='block_1_6' title="bbox 126 3738 1792 3830">
    <p class='ocr_par' dir='ltr' id='par_1_6' title="bbox 126 3738 1792 3830">
     <span class='ocr_line' id='line_1_9' title="bbox 126 3738 1792 3830; baseline 0 -22"><span class='ocrx_word' id='word_1_49' title='bbox 126 3747 260 3809; x_wconf 78' lang='lat' dir='ltr'><strong>Romae</strong></span> <span class='ocrx_word' id='word_1_50' title='bbox 288 3743 419 3806; x_wconf 80' lang='lat' dir='ltr'><strong>liberae</strong></span> <span class='ocrx_word' id='word_1_51' title='bbox 446 3742 623 3825; x_wconf 85' lang='lat' dir='ltr'><strong>cognitum.</strong></span> <span class='ocrx_word' id='word_1_52' title='bbox 666 3741 883 3828; x_wconf 78' lang='lat' dir='ltr'><strong>Posteaquam</strong></span> <span class='ocrx_word' id='word_1_53' title='bbox 940 3739 1194 3824; x_wconf 79' lang='lat' dir='ltr'><strong>intelligentiam</strong></span> <span class='ocrx_word' id='word_1_54' title='bbox 1212 3738 1252 3802; x_wconf 89' lang='lat' dir='ltr'><strong>ed</strong></span> <span class='ocrx_word' id='word_1_55' title='bbox 1270 3739 1537 3827; x_wconf 80' lang='lat' dir='ltr'><strong>chronologicam</strong></span> <span class='ocrx_word' id='word_1_56' title='bbox 1547 3745 1686 3830; x_wconf 84' lang='lat' dir='ltr'><strong>impera·</strong></span> <span class='ocrx_word' id='word_1_57' title='bbox 1785 3755 1792 3774; x_wconf 67' lang='grc'><strong>“</strong></span> 
     </span>
    </p>
   </div>
   <div class='ocr_carea' id='block_1_7' title="bbox 115 3838 1731 4853">
    <p class='ocr_par' dir='ltr' id='par_1_7' title="bbox 115 3838 1731 4032">
     <span class='ocr_line' id='line_1_10' title="bbox 127 3838 1731 3934; baseline 0.001 -26"><span class='ocrx_word' id='word_1_58' title='bbox 127 3846 236 3910; x_wconf 83' lang='lat' dir='ltr'><strong>lulius</strong></span> <span class='ocrx_word' id='word_1_59' title='bbox 244 3846 368 3910; x_wconf 83' lang='lat' dir='ltr'><strong>Caesar</strong></span> <span class='ocrx_word' id='word_1_60' title='bbox 383 3843 497 3908; x_wconf 86' lang='lat' dir='ltr'><strong>orbem</strong></span> <span class='ocrx_word' id='word_1_61' title='bbox 508 3849 550 3911; x_wconf 87' lang='lat' dir='ltr'><strong>R.</strong></span> <span class='ocrx_word' id='word_1_62' title='bbox 565 3845 628 3908; x_wconf 89' lang='lat' dir='ltr'><strong>sibi</strong></span> <span class='ocrx_word' id='word_1_63' title='bbox 643 3845 791 3930; x_wconf 85' lang='lat' dir='ltr'><strong>subjecit,</strong></span> <span class='ocrx_word' id='word_1_64' title='bbox 810 3849 883 3931; x_wconf 85' lang='lat' dir='ltr'><strong>ipse</strong></span> <span class='ocrx_word' id='word_1_65' title='bbox 936 3856 1065 3920; x_wconf 77' lang='lat' dir='ltr'><strong>torum,</strong></span> <span class='ocrx_word' id='word_1_66' title='bbox 1089 3838 1224 3930; x_wconf 77' lang='lat' dir='ltr'><strong>ejusque</strong></span> <span class='ocrx_word' id='word_1_67' title='bbox 1238 3845 1352 3908; x_wconf 90' lang='lat' dir='ltr'><strong>aetatis</strong></span> <span class='ocrx_word' id='word_1_68' title='bbox 1367 3845 1536 3911; x_wconf 83' lang='lat' dir='ltr'><strong>historiam</strong></span> <span class='ocrx_word' id='word_1_69' title='bbox 1548 3847 1687 3934; x_wconf 80' lang='lat' dir='ltr'><strong>insignis</strong></span> <span class='ocrx_word' id='word_1_70' title='bbox 1727 3913 1731 3922; x_wconf 72' lang='grc'>,</span> 
     </span>
     <span class='ocr_line' id='line_1_11' title="bbox 115 3937 1499 4032; baseline -0.002 -23"><span class='ocrx_word' id='word_1_71' title='bbox 115 3937 159 4009; x_wconf 73' lang='lat' dir='ltr'><strong>&#39;et</strong></span> <span class='ocrx_word' id='word_1_72' title='bbox 174 3965 395 4011; x_wconf 84' lang='lat' dir='ltr'><strong>successores</strong></span> <span class='ocrx_word' id='word_1_73' title='bbox 421 3967 487 4030; x_wconf 80' lang='lat' dir='ltr'><strong>nou</strong></span> <span class='ocrx_word' id='word_1_74' title='bbox 507 3945 605 4010; x_wconf 89' lang='lat' dir='ltr'><strong>modo</strong></span> <span class='ocrx_word' id='word_1_75' title='bbox 625 3943 808 4032; x_wconf 82' lang='lat' dir='ltr'><strong>procedere</strong></span> <span class='ocrx_word' id='word_1_76' title='bbox 830 3972 884 4014; x_wconf 89' lang='lat' dir='ltr'><strong>an·</strong></span> <span class='ocrx_word' id='word_1_77' title='bbox 938 3965 1014 4013; x_wconf 85' lang='lat' dir='ltr'><strong>esse</strong></span> <span class='ocrx_word' id='word_1_78' title='bbox 1032 3947 1200 4012; x_wconf 87' lang='lat' dir='ltr'><strong>momenti.</strong></span> <span class='ocrx_word' id='word_1_79' title='bbox 1496 3946 1499 3954; x_wconf 78' lang='grc'><em>’</em></span> 
     </span>
    </p>

    <p class='ocr_par' dir='ltr' id='par_1_8' title="bbox 124 4045 1689 4853">
     <span class='ocr_line' id='line_1_12' title="bbox 126 4045 1685 4136; baseline 0.001 -25"><span class='ocrx_word' id='word_1_80' title='bbox 126 4070 213 4114; x_wconf 83' lang='lat' dir='ltr'><strong>uuus</strong></span> <span class='ocrx_word' id='word_1_81' title='bbox 242 4050 399 4114; x_wconf 88' lang='lat' dir='ltr'><strong>consules</strong></span> <span class='ocrx_word' id='word_1_82' title='bbox 417 4072 458 4114; x_wconf 84' lang='lat' dir='ltr'><strong>ex</strong></span> <span class='ocrx_word' id='word_1_83' title='bbox 487 4065 601 4115; x_wconf 77' lang='lat' dir='ltr'><strong>vetere</strong></span> <span class='ocrx_word' id='word_1_84' title='bbox 624 4049 771 4112; x_wconf 83' lang='lat' dir='ltr'><strong>instituto</strong></span> <span class='ocrx_word' id='word_1_85' title='bbox 796 4051 884 4136; x_wconf 89' lang='lat' dir='ltr'><strong>passi</strong></span> <span class='ocrx_word' id='word_1_86' title='bbox 1003 4045 1094 4110; x_wconf 85' lang='lat' dir='ltr'><strong>Istud</strong></span> <span class='ocrx_word' id='word_1_87' title='bbox 1116 4067 1190 4110; x_wconf 88' lang='lat' dir='ltr'><strong>cum</strong></span> <span class='ocrx_word' id='word_1_88' title='bbox 1218 4047 1444 4130; x_wconf 81' lang='lat' dir='ltr'><strong>intelligerent</strong></span> <span class='ocrx_word' id='word_1_89' title='bbox 1461 4049 1524 4114; x_wconf 77' lang='lat' dir='ltr'><strong>viri</strong></span> <span class='ocrx_word' id='word_1_90' title='bbox 1552 4049 1685 4128; x_wconf 85' lang='lat' dir='ltr'><strong>eruditi,</strong></span> 
     </span>
     <span class='ocr_line' id='line_1_13' title="bbox 126 4147 1688 4238; baseline 0 -25"><span class='ocrx_word' id='word_1_91' title='bbox 126 4167 223 4228; x_wconf 85' lang='lat' dir='ltr'><strong>suut,</strong></span> <span class='ocrx_word' id='word_1_92' title='bbox 248 4151 314 4215; x_wconf 89' lang='lat' dir='ltr'><strong>etsi</strong></span> <span class='ocrx_word' id='word_1_93' title='bbox 330 4151 413 4213; x_wconf 90' lang='lat' dir='ltr'><strong>nihil</strong></span> <span class='ocrx_word' id='word_1_94' title='bbox 434 4151 474 4215; x_wconf 91' lang='lat' dir='ltr'><strong>iis</strong></span> <span class='ocrx_word' id='word_1_95' title='bbox 495 4165 629 4236; x_wconf 84' lang='lat' dir='ltr'><strong>praeter</strong></span> <span class='ocrx_word' id='word_1_96' title='bbox 644 4151 810 4236; x_wconf 81' lang='lat' dir='ltr'><strong>dignitatis</strong></span> <span class='ocrx_word' id='word_1_97' title='bbox 826 4174 883 4216; x_wconf 88' lang='lat' dir='ltr'><strong>uu·</strong></span> <span class='ocrx_word' id='word_1_98' title='bbox 941 4163 975 4216; x_wconf 89' lang='lat' dir='ltr'><strong>et</strong></span> <span class='ocrx_word' id='word_1_99' title='bbox 990 4170 1090 4238; x_wconf 80' lang='lat' dir='ltr'><strong>saepe</strong></span> <span class='ocrx_word' id='word_1_100' title='bbox 1103 4151 1148 4234; x_wconf 86' lang='lat' dir='ltr'><strong>iis</strong></span> <span class='ocrx_word' id='word_1_101' title='bbox 1165 4151 1200 4212; x_wconf 88' lang='lat' dir='ltr'><strong>iu</strong></span> <span class='ocrx_word' id='word_1_102' title='bbox 1223 4147 1434 4231; x_wconf 76' lang='lat' dir='ltr'><strong>emendandis</strong></span> <span class='ocrx_word' id='word_1_103' title='bbox 1457 4149 1547 4214; x_wconf 85' lang='lat' dir='ltr'><strong>fastis</strong></span> <span class='ocrx_word' id='word_1_104' title='bbox 1566 4149 1607 4212; x_wconf 89' lang='lat' dir='ltr'><strong>ad</strong></span> <span class='ocrx_word' id='word_1_105' title='bbox 1627 4171 1688 4215; x_wconf 88' lang='lat' dir='ltr'><strong>uu·</strong></span> 
     </span>
     <span class='ocr_line' id='line_1_14' title="bbox 127 4251 1686 4340; baseline 0.002 -24"><span class='ocrx_word' id='word_1_106' title='bbox 127 4275 204 4318; x_wconf 84' lang='lat' dir='ltr'><strong>meu</strong></span> <span class='ocrx_word' id='word_1_107' title='bbox 224 4253 476 4338; x_wconf 82' lang='lat' dir='ltr'><strong>relinquerent,</strong></span> <span class='ocrx_word' id='word_1_108' title='bbox 500 4253 559 4316; x_wconf 89' lang='lat' dir='ltr'><strong>sed</strong></span> <span class='ocrx_word' id='word_1_109' title='bbox 578 4267 610 4316; x_wconf 86' lang='lat' dir='ltr'><strong>et</strong></span> <span class='ocrx_word' id='word_1_110' title='bbox 622 4253 684 4336; x_wconf 88' lang='lat' dir='ltr'><strong>ipsi</strong></span> <span class='ocrx_word' id='word_1_111' title='bbox 698 4275 796 4340; x_wconf 85' lang='lat' dir='ltr'><strong>saepe</strong></span> <span class='ocrx_word' id='word_1_112' title='bbox 807 4262 883 4319; x_wconf 87' lang='lat' dir='ltr'><strong>no&#39;u·</strong></span> <span class='ocrx_word' id='word_1_113' title='bbox 940 4273 1069 4316; x_wconf 92' lang='lat' dir='ltr'><strong>morum</strong></span> <span class='ocrx_word' id='word_1_114' title='bbox 1090 4265 1177 4316; x_wconf 85' lang='lat' dir='ltr'><strong>esset</strong></span> <span class='ocrx_word' id='word_1_115' title='bbox 1192 4253 1418 4316; x_wconf 88' lang='lat' dir='ltr'><strong>auctoritatem</strong></span> <span class='ocrx_word' id='word_1_116' title='bbox 1435 4251 1686 4332; x_wconf 80' lang='lat' dir='ltr'><strong>recurrendum,</strong></span> 
     </span>
     <span class='ocr_line' id='line_1_15' title="bbox 126 4351 1686 4451; baseline 0.001 -35"><span class='ocrx_word' id='word_1_117' title='bbox 126 4355 274 4418; x_wconf 81' lang='lat' dir='ltr'><strong>sulatum</strong></span> <span class='ocrx_word' id='word_1_118' title='bbox 294 4354 412 4418; x_wconf 88' lang='lat' dir='ltr'><strong>additis</strong></span> <span class='ocrx_word' id='word_1_119' title='bbox 427 4355 646 4440; x_wconf 86' lang='lat' dir='ltr'><strong>sibie&#39;onlegis</strong></span> <span class='ocrx_word' id='word_1_120' title='bbox 661 4355 760 4418; x_wconf 88' lang='lat' dir='ltr'><strong>etiam</strong></span> <span class='ocrx_word' id='word_1_121' title='bbox 777 4358 883 4443; x_wconf 86' lang='lat' dir='ltr'><strong>priva·</strong></span> <span class='ocrx_word' id='word_1_122' title='bbox 939 4353 1177 4451; x_wconf 66' lang='lat' dir='ltr'><strong>sordeseere,</strong></span> <span class='ocrx_word' id='word_1_123' title='bbox 1200 4352 1256 4438; x_wconf 89' lang='lat' dir='ltr'><strong>qui</strong></span> <span class='ocrx_word' id='word_1_124' title='bbox 1271 4351 1356 4416; x_wconf 83' lang='lat' dir='ltr'><strong>istud</strong></span> <span class='ocrx_word' id='word_1_125' title='bbox 1374 4354 1597 4418; x_wconf 86' lang='lat' dir='ltr'><strong>consulatuum</strong></span> <span class='ocrx_word' id='word_1_126' title='bbox 1607 4357 1686 4420; x_wconf 80' lang='lat' dir='ltr'><strong>Cae·</strong></span> 
     </span>
     <span class='ocr_line' id='line_1_16' title="bbox 125 4453 1687 4542; baseline 0.003 -26"><span class='ocrx_word' id='word_1_127' title='bbox 125 4455 167 4516; x_wconf 84' lang='lat' dir='ltr'><strong>tis</strong></span> <span class='ocrx_word' id='word_1_128' title='bbox 187 4477 380 4539; x_wconf 81' lang='lat' dir='ltr'><strong>suscepere.</strong></span> <span class='ocrx_word' id='word_1_129' title='bbox 404 4459 440 4520; x_wconf 89' lang='lat' dir='ltr'><strong>In</strong></span> <span class='ocrx_word' id='word_1_130' title='bbox 457 4457 520 4522; x_wconf 87' lang='lat' dir='ltr'><strong>hoe</strong></span> <span class='ocrx_word' id='word_1_131' title='bbox 536 4459 706 4521; x_wconf 84' lang='lat' dir='ltr'><strong>consulum</strong></span> <span class='ocrx_word' id='word_1_132' title='bbox 723 4459 881 4522; x_wconf 84' lang='lat' dir='ltr'><strong>Kalendis</strong></span> <span class='ocrx_word' id='word_1_133' title='bbox 911 4464 1111 4521; x_wconf 64' lang='lat' dir='ltr'><strong>‘aureorum</strong></span> <span class='ocrx_word' id='word_1_134' title='bbox 1157 4469 1384 4542; x_wconf 89' lang='lat' dir='ltr'><strong>argumentum</strong></span> <span class='ocrx_word' id='word_1_135' title='bbox 1402 4455 1405 4460; x_wconf 83' lang='lat'>&#39;</span> <span class='ocrx_word' id='word_1_136' title='bbox 1425 4455 1460 4517; x_wconf 92' lang='lat' dir='ltr'><strong>in</strong></span> <span class='ocrx_word' id='word_1_137' title='bbox 1499 4453 1687 4520; x_wconf 86' lang='lat' dir='ltr'><strong>adcuratius</strong></span> 
     </span>
     <span class='ocr_line' id='line_1_17' title="bbox 125 4555 1689 4646; baseline 0.004 -29"><span class='ocrx_word' id='word_1_138' title='bbox 125 4559 288 4624; x_wconf 80' lang='lat' dir='ltr'><strong>ianuariis</strong></span> <span class='ocrx_word' id='word_1_139' title='bbox 320 4579 480 4646; x_wconf 84' lang='lat' dir='ltr'><strong>processu</strong></span> <span class='ocrx_word' id='word_1_140' title='bbox 514 4581 589 4624; x_wconf 91' lang='lat' dir='ltr'><strong>oum</strong></span> <span class='ocrx_word' id='word_1_141' title='bbox 614 4561 688 4630; x_wconf 74' lang='lat' dir='ltr'><strong>lasti</strong></span> <span class='ocrx_word' id='word_1_142' title='bbox 718 4561 881 4626; x_wconf 84' lang='lat' dir='ltr'><strong>Romano·</strong></span> <span class='ocrx_word' id='word_1_143' title='bbox 939 4555 1567 4628; x_wconf 79' lang='lat' dir='ltr'><strong>examenrorandumsxistimaveruut.</strong></span> <span class='ocrx_word' id='word_1_144' title='bbox 1608 4560 1689 4628; x_wconf 84' lang='lat' dir='ltr'><strong>Om-</strong></span> 
     </span>
     <span class='ocr_line' id='line_1_18' title="bbox 124 4660 1688 4750; baseline 0.004 -28"><span class='ocrx_word' id='word_1_145' title='bbox 124 4681 221 4738; x_wconf 85' lang='lat' dir='ltr'><strong>rum,</strong></span> <span class='ocrx_word' id='word_1_146' title='bbox 245 4675 279 4726; x_wconf 91' lang='lat' dir='ltr'><strong>et</strong></span> <span class='ocrx_word' id='word_1_147' title='bbox 304 4675 372 4724; x_wconf 85' lang='lat' dir='ltr'><strong>tuta</strong></span> <span class='ocrx_word' id='word_1_148' title='bbox 398 4662 481 4725; x_wconf 89' lang='lat' dir='ltr'><strong>adeo</strong></span> <span class='ocrx_word' id='word_1_149' title='bbox 506 4677 691 4750; x_wconf 76' lang='lat' dir='ltr'><strong>temporum</strong></span> <span class='ocrx_word' id='word_1_150' title='bbox 711 4663 814 4728; x_wconf 84' lang='lat' dir='ltr'><strong>series</strong></span> <span class='ocrx_word' id='word_1_151' title='bbox 833 4663 881 4725; x_wconf 89' lang='lat' dir='ltr'><strong>ni·</strong></span> <span class='ocrx_word' id='word_1_152' title='bbox 936 4663 1026 4724; x_wconf 86' lang='lat' dir='ltr'><strong>nium</strong></span> <span class='ocrx_word' id='word_1_153' title='bbox 1053 4661 1087 4722; x_wconf 88' lang='lat' dir='ltr'><strong>in</strong></span> <span class='ocrx_word' id='word_1_154' title='bbox 1109 4660 1173 4723; x_wconf 86' lang='lat' dir='ltr'><strong>hoo</strong></span> <span class='ocrx_word' id='word_1_155' title='bbox 1205 4677 1398 4746; x_wconf 82' lang='lat' dir='ltr'><strong>argumento</strong></span> <span class='ocrx_word' id='word_1_156' title='bbox 1420 4661 1614 4727; x_wconf 89' lang='lat' dir='ltr'><strong>iudustriam</strong></span> <span class='ocrx_word' id='word_1_157' title='bbox 1636 4685 1688 4728; x_wconf 91' lang='lat' dir='ltr'><strong>su·</strong></span> 
     </span>
     <span class='ocr_line' id='line_1_19' title="bbox 124 4753 1686 4853; baseline 0.006 -29"><span class='ocrx_word' id='word_1_158' title='bbox 124 4777 257 4840; x_wconf 81' lang='lat' dir='ltr'><strong>tantur,</strong></span> <span class='ocrx_word' id='word_1_159' title='bbox 281 4777 316 4828; x_wconf 88' lang='lat' dir='ltr'><strong>et</strong></span> <span class='ocrx_word' id='word_1_160' title='bbox 338 4785 409 4828; x_wconf 87' lang='lat' dir='ltr'><strong>mos</strong></span> <span class='ocrx_word' id='word_1_161' title='bbox 437 4763 514 4828; x_wconf 89' lang='lat' dir='ltr'><strong>inde</strong></span> <span class='ocrx_word' id='word_1_162' title='bbox 539 4768 599 4832; x_wconf 86' lang='lat' dir='ltr'><strong>al.</strong></span> <span class='ocrx_word' id='word_1_163' title='bbox 620 4753 759 4833; x_wconf 82' lang='lat' dir='ltr'><strong>Caesare</strong></span> <span class='ocrx_word' id='word_1_164' title='bbox 776 4787 879 4853; x_wconf 85' lang='lat' dir='ltr'><strong>usque</strong></span> <span class='ocrx_word' id='word_1_165' title='bbox 927 4757 1067 4852; x_wconf 65' lang='lat' dir='ltr'><strong>&#39;pererit</strong></span> <span class='ocrx_word' id='word_1_166' title='bbox 1085 4761 1245 4832; x_wconf 78' lang='lat' dir='ltr'><strong>Antonius</strong></span> <span class='ocrx_word' id='word_1_167' title='bbox 1266 4765 1385 4852; x_wconf 84' lang='lat' dir='ltr'><strong>Pugius</strong></span> <span class='ocrx_word' id='word_1_168' title='bbox 1409 4766 1443 4832; x_wconf 89' lang='lat' dir='ltr'><strong>in</strong></span> <span class='ocrx_word' id='word_1_169' title='bbox 1459 4787 1516 4840; x_wconf 86' lang='lat' dir='ltr'><strong>sua</strong></span> <span class='ocrx_word' id='word_1_170' title='bbox 1536 4771 1686 4834; x_wconf 81' lang='lat' dir='ltr'><strong>disserta·</strong></span> 
     </span>
    </p>
   </div>
   <div class='ocr_carea' id='block_1_8' title="bbox 0 0 2122 5480">
    <p class='ocr_par' dir='ltr' id='par_1_9' title="bbox 0 0 2122 5480">
     <span class='ocr_line' id='line_1_20' title="bbox 0 0 2122 5480; baseline 0 5"><span class='ocrx_word' id='word_1_171' title='bbox 0 0 2122 5480; x_wconf 95' lang='lat' dir='ltr'><strong> </strong></span> 
     </span>
    </p>
   </div>
  </div>
 </body>
</html>
