4244 5484
312 455 314 462 ’
408 471 481 558 aaa
1022 401 1219 530 oaov‘r
1251 451 1354 526 xna

411 651 517 738 potuit
534 645 714 710 inatitntum
732 641 817 707 iatad
837 661 908 706 eam
928 638 1042 704 aunem
1061 657 1155 726 prac-
1211 651 1279 715 ato,
1305 635 1390 702 hana
1408 632 1565 720 majurum
1585 655 1716 702 auorum
1737 641 1958 708 consecratio-

411 769 497 818 atare
529 749 720 824 utilitatem,
751 761 804 823 ut,
834 746 889 830 qui
909 743 1040 828 populis
1062 759 1154 824 prac-
1210 760 1286 803 nam
1308 739 1342 802 io
1365 737 1555 805 Caeaaribua
1577 740 1642 802 auia
1664 741 1768 820 aulae,
1802 745 1956 832 juateqne

413 867 503 932 aunt,
530 855 626 938 hujua
655 849 770 914 aaltem
791 848 939 914 vanitatis
961 864 1020 929 ape
1041 841 1082 906 ad
1103 861 1155 905 re·
1210 839 1380 918 irridenti,
1407 842 1485 926 quin
1508 851 1541 905 at
1563 837 1670 904 Plinio
1692 843 1833 922 seniori,
1863 851 1958 913 catti·
1980 895 1984 902 ,

410 975 462 1023 ote
484 955 668 1022 laciendum
690 951 921 1025 incitarentur,
951 944 1038 1031 quod
1060 963 1155 1030 argu·
1212 943 1302 1028 genti
1326 961 1459 1008 auorum
1488 957 1655 1026 stuporem
1677 949 1791 1010 Manae
1810 953 1956 1029 caludo,

410 1075 554 1124 meatum
587 1071 702 1121 auctor
730 1051 808 1114 libri
838 1051 879 1114 de
910 1047 1173 1124 Consolationa,-
1210 1050 1548 1132 daumqaasaciende,
1570 1049 1627 1130 qai
1642 1051 1717 1124 joan
1739 1052 1838 1112 eliam
1862 1053 1956 1116 homo

405 1167 506 1250 'quem
538 1157 688 1223 nonnulli
716 1153 885 1230 Ciceroni,
916 1149 1066 1234 plerique
1096 1150 1155 1212 Ca·
1209 1167 1278 1212 eoae
1300 1142 1507 1226 daaanrip
1532 1147 1684 1230 Denique
1706 1151 1870 1227 iuvenali,
1891 1141 1967 1216 Aa(

321 1303 324 1308 ·
410 1267 485 1330 rolo
509 1261 645 1347 Sigonio
674 1255 838 1332 tribuunt,
870 1251 930 1316 aab
957 1249 1057 1314 linem
1086 1249 1153 1312 ela·
1211 1261 1324 1333 guatoa
1353 1261 1490 1346 propter
1516 1247 1599 1310 hano
1628 1251 1730 1330 ipsam
1759 1251 1954 1334 apotheoain

410 1379 526 1452 gauter
555 1359 716 1448 exposuit.
758 1361 845 1422 Deua
866 1368 915 1424 eal
933 1355 1079 1429 mortali,
1106 1352 1154 1412 iu·
1210 1355 1333 1415 moalea
1352 1356 1499 1414 divorum
1520 1352 1604 1412 calae
1626 1353 1802 1438 appellanti
1817 1353 1858 1434 θ),

409 1469 479 1554 quit
496 1465 623 1527 Pliniua
643 1461 754 1525 aenior
770 1461 817 1540 ·),
840 1463 960 1536 savara
976 1457 1152 1530 mortalem,
1273 1453 1483 1534 imperatoria
1512 1452 1575 1518 rita
1604 1451 1705 1514 iuncti
1736 1457 1954 1520 conaecratio·
1983 1457 1986 1461 ’

408 1583 442 1636 at
462 1573 541 1632 tuac
562 1570 610 1630 ad
628 1575 792 1628 aetenam
810 1563 950 1642 ylariani
972 1561 1037 1620 oin.
1080 1561 1154 1620 Hac
1208 1571 1286 1616 nem
1314 1573 1437 1636 urgere
1464 1575 1530 1616 non
1559 1553 1681 1618 deatitit
1706 1556 1861 1640 princeps
1881 1579 1954 1622 anc-

403 1691 554 1756 proceret
575 1672 641 1731 iere
661 1667 813 1736 Romani,
836 1665 896 1722 lure
918 1679 1003 1721 nanc
1024 1663 1155 1723 cocleari
1211 1655 1577 1748 cassantra-pictatia,
1599 1657 1748 1740 gratique
1766 1659 1866 1720 animi
1881 1679 1955 1724 can-

405 1794 507 1853 paara
522 1771 717 1834 camlibert'a
732 1763 1154 1826 auiacudilmaar'maaom-
1194 1779 1265 1832 aa,
1296 1759 1365 1821 aire
1380 1757 1587 1832 ambitionia,
1618 1773 1672 1820 aut
1693 1759 1828 1823 alleriua
1849 1763 1955 1842 cujus.

408 1878 462 1936 uir
477 1875 551 1934 aevi
565 1879 668 1932 reclor
683 1867 1076 1946 VeapaaiamrAupnatua
1088 1864 1154 1940 sea·
1210 1858 1295 1940 piam
1328 1853 1449 1940 operati
1480 1851 1708 1922 emolumenti.¹
1749 1862 1804 1924 Sic
1839 1863 1952 1926 locare

408 1979 456 2038 aia
473 1949 780 2036 rebaa'auboorriem.
822 1967 886 2026 Hic
909 1971 959 2024 orl
979 1965 1155 2025 oelurliaai·
1210 1960 1330 2040 pietat,
1354 1974 1531 2044 gratusque
1552 1963 1695 2038 animur,
1728 1975 1764 2026 ut
1784 1963 1954 2048 Veapaaia-

407 2096 478 2139 mua
515 2074 675 2154 referendi
711 2065 979 2132 benemar-carlom
1009 2065 1154 2145 aratiam
1184 2079 1287 2120 -nam
1323 2059 1432 2138 Titne,
1472 2048 1614 2128 Nervam
1652 2064 1827 2146 Traianou,
1867 2068 1954 2129 hamc

407 2198 492 2252 maa,
513 2185 550 2238 att
566 2177 648 2236 talea
663 2171 847 2234 camollae
863 2167 1057 2228 adacribanl.
1090 2163 1155 2228 Ve·
1211 2162 1412 2237 lladriauua,
1439 2162 1526 2226 hunc
1548 2163 1745 2242 Antoninus,
1767 2168 1806 2229 L.
1827 2169 1951 2236 Verum

407 2297 482 2340 rum
501 2273 576 2350 tulit
595 2289 736 2354 aequena
752 2281 839 2331 actae
858 2277 1031 2349 corruptor
1046 2265 1079 2324 in
1098 2261 1153 2324 de·
1209 2267 1254 2326 M.
1285 2262 1455 2338 Aurelius,
1484 2285 1577 2326 auum
1599 2259 1722 2348 cinguli
1742 2283 1869 2350 patrem
1890 2271 1954 2332 ira-

408 2373 576 2440 cernendo
600 2371 665 2434 hoc
685 2371 812 2432 honore
836 2355 971 2450 judicer.
1003 2366 1069 2427 lam
1087 2365 1154 2426 Pli·
1209 2378 1356 2442 tremva,
1375 2366 1419 2428 im
1430 2363 1606 2450 Olympum
1622 2367 1842 2433 traducerent.
1863 2365 1952 2432 iden

407 2477 482 2540 uiua
505 2453 695 2548 Secuntlua,
726 2469 788 2534 atai
814 2469 916 2552 magia
943 2485 985 2530 ex
1012 2467 1152 2530 oratoria
1208 2467 1243 2528 in
1268 2467 1340 2530 aliia
1365 2485 1482 2532 oauaaa
1509 2467 1610 2546 aliae,
1644 2483 1681 2534 ut
1704 2467 1789 2548 ulixi,
1817 2474 1954 2555 pracati-

406 2575 549 2653 faatidio,
565 2595 660 2660 quam
673 2593 715 2636 ex
726 2591 816 2649 vero,
830 2579 1027 2654 conquritur
1037 2581 1086 2631 eat
1100 2563 1151 2651 lla
1208 2583 1298 2647 tare,
1320 2589 1351 2634 v.
1367 2589 1396 2632 c.
1414 2581 1449 2632 ut
1464 2569 1536 2653 quia
1551 2569 1650 2636 deum
1665 2573 1801 2638 haberat
1815 2589 1954 2658 patrem,

406 2666 542 2764 Dicacll
557 2679 645 2740 coelo
666 2677 811 2738 liberine
828 2677 1022 2754 aequalem,
1045 2675 1103 2733 red
1116 2681 1156 2733 att
1209 2683 1263 2734 aut
1284 2671 1576 2754 contanguineum,
1608 2674 1662 2736 rel
1681 2689 1716 2738 ut
1733 2677 1951 2758 suspicionem

406 2783 590 2862 majestatie
621 2781 740 2840 ainau
772 2775 965 2850 induceret,
986 2775 1152 2835 Claudium
1207 2785 1402 2857 procuratae
1427 2775 1541 2836 martia
1564 2775 1735 2854 eraderet,
1763 2795 1829 2860 quo
1853 2779 1952 2842 moda

406 2886 510 2960 Nero,
534 2883 593 2944 aad
607 2888 644 2942 ul
659 2881 822 2954 irrideret,
850 2877 1083 2956 Veipnaiouam
1100 2877 1153 2938 li·-
1209 2875 1320 2937 'litum
1358 2877 1565 2939 consecrarit
1599 2875 1815 2945 Domitianus.
1860 2879 1952 2974 Quae

354 3009 364 3036 ι
406 2996 475 3058 lara,
500 2984 704 3046 Domitium
726 2981 846 3053 tlon,
869 2981 929 3038 aad
948 2981 1019 3052 ille,
1040 2986 1079 3038 at
1098 2979 1152 3070 dci
1207 2973 1309 3040 fuerit
1326 2975 1472 3044 iaaolena
1490 2995 1585 3042 cauta
1603 2981 1784 3044 conaccrati
1802 2983 1955 3046 Commo·

403 3087 507 3166 filim,
524 3087 591 3158 tic,
607 3069 645 3144 iat
655 3083 762 3162 frater
778 3081 947 3141 uideretur.
970 3074 1076 3168 Quam
1092 3075 1150 3139 illo
1208 3079 1258 3156 ali,
1280 3077 1368 3141 idem
1388 3097 1462 3142 cum
1481 3079 1627 3161 Siayphia
1650 3083 1860 3168 Tantalirqne
1877 3105 1952 3148 con·

315 3257 322 3268 Ι
407 3177 848 3266 deapuiaaet,aiFauatiaam
860 3177 1039 3261 iuniorem,
1057 3177 1152 3239 Com·
1207 3179 1396 3244 tuberniuar
1425 3181 1618 3266 promeriti,
1655 3183 1688 3244 in
1719 3184 1815 3268 huju·
1845 3187 1952 3252 numia

406 3283 558 3360 modum,
580 3280 777 3346 Caracallum
803 3279 921 3344 iiadem
945 3277 1151 3350 caerimoniia
1209 3279 1358 3344 (linimur.
1403 3279 1535 3344 Similea
1565 3302 1680 3346 caueae
1711 3285 1739 3347 ai
1768 3285 1954 3366 abluerunt,

404 3387 514 3452 illutoa
537 3383 633 3448 coelo
653 3381 811 3448 ridiaaatl
830 3381 1004 3444 Pauaaniaa
1023 3393 1150 3464 pcatea·
1208 3403 1245 3446 ac
1267 3393 1438 3466 praeterea
1459 3383 1492 3466 ai⁸
1508 3384 1600 3448 rirua
1629 3383 1706 3447 odio
1735 3389 1868 3469 publico
1895 3389 1952 3454 ila·

362 3530 364 3538 ,
408 3495 679 3574 quamnamaaaet
694 3483 742 3567 e),
766 3481 843 3546 olim
868 3503 911 3546 ex
931 3482 1036 3547 cautio
1056 3483 1150 3567 justia
1208 3485 1333 3566 gravit,
1360 3496 1396 3546 ut
1418 3483 1588 3562 Tiberina,
1611 3485 1773 3568 Caligula,
1795 3493 1954 3558 Domitia·

406 3591 440 3654 in
475 3587 606 3652 coelum
638 3597 792 3668 receptor
822 3583 988 3663 hominea,
1024 3585 1151 3648 acilicet
1206 3585 1456 3670 uua,priratam
1477 3585 1566 3648 iuter
1586 3584 1697 3651 manea
1718 3591 1816 3658 vitam
1840 3596 1955 3660 hodie·
1991 3625 1995 3638 ·

405 3689 609 3761 Arietaaum,
661 3687 904 3764 Britomarteu,
957 3685 1150 3768 Herculem,
1208 3709 1271 3772 que
1301 3687 1435 3772 degunt.
1477 3687 1579 3764 aliia,
1607 3703 1645 3752 ut
1671 3677 1875 3774 ear-callae,
1906 3697 1952 3761 ia·

406 3789 657 3874 Amphiaraum,
683 3785 881 3865 Dioacuroa,
911 3787 1067 3851 continuo
1097 3787 1151 3851 ad·
1191 3793 1269 3852 'ror
1291 3789 1429 3852 militam
1451 3789 1592 3873 proluit,
1622 3789 1663 3854 da
1695 3813 1760 3876 quo
1791 3801 1954 3879 proxima,

406 3891 473 3969 alit,
496 3903 601 3954 aetate
622 3911 695 3967 ana,
718 3909 781 3973 qua
801 3889 890 3953 iraua
912 3903 947 3954 et
968 3887 1151 3954 audaciain
1207 3889 1318 3953 Fuere
1349 3891 1508 3975 Auguati,
1545 3895 1662 3980 quibua
1696 3904 1764 3958 oon
1796 3901 1953 3965 continno

406 4007 500 4059 recte
524 3991 686 4054 factorum
708 3991 817 4054 iocum
842 4009 1052 4073 auocauere,
1080 3989 1152 4054 nul·
1207 4003 1285 4078 port
1298 4002 1485 4072 excetram,
1508 3993 1566 4060 aad
1585 3996 1691 4060 aerina
1707 3995 1882 4066 divinitati.
1898 4003 1955 4067 120.

391 4099 458 4160 ‹loa
485 4095 549 4180 jam
570 4093 725 4158 ‘homiues
751 4095 789 4182 iu
815 4091 952 4155 deorum
977 4113 1151 4158 numerum
1208 4115 1271 4160 nor
1292 4094 1438 4161 accoaait.
1482 4097 1538 4160 Sic
1559 4097 1652 4162 Liria
1681 4117 1870 4166 cauaecrata
1900 4105 1957 4170 alo·

406 4197 529 4283 recipi,
552 4195 620 4258 niai
640 4193 728 4258 forte
749 4212 808 4258 ore
830 4193 1013 4271 hominum,
1035 4209 1071 4259 et
1091 4215 1153 4280 per
1210 4218 1298 4260 mum
1326 4195 1519 4272 aclaudio,
1550 4201 1747 4265 Commodat
1774 4223 1794 4266 a
1817 4205 1958 4283 Serere,

409 4297 656 4362 immoderatam
696 4295 926 4360 adulationem.
957 4294 1039 4359 ,8οᾶ
1077 4317 1154 4381 per«
1209 4297 1338 4362 Dumna
1366 4299 1408 4364 ob
1428 4297 1621 4385 Elagabalo.
1664 4305 1784 4376 (laneae¹
1813 4305 1890 4370 rida
1921 4309 1957 4370 ia

410 4401 572 4462 mittamur
593 4397 878 4462 canturamiatam
900 4395 1026 4461 loliano
1044 4401 1154 4483 Augu·
1210 4399 1413 4486 cingulorum
1437 4415 1581 4467 monuo.
1613 4407 1657 4467 Δι
1679 4404 1766 4490 quod
1789 4407 1959 4492 singulare

447 4637 478 4690 al
498 4630 534 4692 N.
553 4631 591 4688 Η.
609 4631 642 4693 L.
662 4631 697 4692 ll.
717 4651 785 4710 pag.
805 4643 851 4696 ⁷2·
961 4631 1047 4708 b)iu
1065 4635 1170 4716 Paneg.
1191 4638 1255 4716 cap.
1277 4649 1319 4698 u.
1426 4639 1455 4712 c)
1475 4637 1507 4696 L
1527 4635 1653 4699 vlita
1673 4650 1702 4702 ι.
1810 4641 1901 4714 allii.
1923 4645 1952 4704 lt

278 4743 281 4750 ’
411 4719 444 4780 L.
463 4720 527 4784 vu.
547 4719 635 4796 ξιδό.
740 4724 771 4796 a)
791 4721 850 4782 Sat.
869 4719 921 4785 VI.
941 4731 1004 4787 115·
1165 4728 1168 4736 '
