4226 5500
467 563 510 626 12
1044 539 1077 611 A
1103 533 1137 608 D
1163 535 1197 609 D
1222 537 1256 611 E
1277 537 1316 612 N
1340 535 1374 610 D
1400 537 1435 611 'A

460 711 607 787 decidet.
629 732 691 802 qua
707 709 741 774 in
757 711 895 798 regione
914 711 984 797 ejuo
999 709 1124 776 oimiloo
1140 708 1206 775 fre·
1391 677 1526 772 'Potum
1542 705 1605 773 cot.
1617 723 1650 772 a.
1667 687 1823 792 posa'tta.
1835 709 1864 776 5.
1883 701 1891 714 ⁸

460 815 611 902 quentiae
629 815 850 898 reperiantur.
1033 833 1037 844 ·
1494 844 1520 908 S
1540 843 1564 908 I
1585 843 1616 908 G
1638 840 1676 906 N
1697 845 1717 907 Ῑ
1733 845 1779 911 Α.
1819 857 1823 863 .

657 1001 696 1066 P.
710 999 762 1086 96.
781 1001 843 1064 col.
860 1021 886 1062 ι.
904 1000 1012 1075 lim,
1327 971 1525 1044 Volscorum
1542 973 1620 1038 urba
1635 973 1857 1040 mediterauea.

520 1121 558 1184 1u
577 1117 661 1184 aliot
684 1121 806 1186 anm.
827 1121 933 1185 Bona.
959 1119 1032 1186 ΔΕ.
1048 1119 1103 1185 111.
1131 1115 1205 1202 (So
1332 1115 1440 1197 Caput
1454 1113 1635 1192 Mercurii,
1653 1135 1737 1198 prae
1751 1135 1812 1195 uuo
1826 1118 1966 1178 ramum.

459 1221 535 1284 atini
553 1221 734 1308 Descript.)
1264 1211 1420 1312 temp.
1450 1217 1569 1300 Cupito
1587 1217 1696 1279 Sileni
1720 1230 1753 1279 rt
1775 1221 1843 1301 uprt'
1861 1221 1892 1280 t'u
1910 1219 1968 1282 Ioui

1264 1339 1386 1382 morum
1405 1318 1593 1398 conjunctu.
1614 1318 1687 1385 ult.
1704 1318 1764 1387 W,
1780 1321 1868 1394 (blaa.
1883 1321 1966 1384 Primo.
2048 1329 2049 1360 ¹

518 1408 622 1492 apo.
641 1407 704 1472 cul.
722 1427 747 1468 ι.
767 1407 826 1470 lira
839 1425 871 1489 7.
891 1416 970 1488 post
986 1406 1145 1488 ignoro.
1263 1417 1307 1483 ὼ
1330 1419 1519 1502 mmm)

520 1527 700 1596 iudicatum
712 1525 794 1590 mibi
807 1525 923 1603 terius,
937 1523 1024 1587 iatud
1039 1543 1117 1586 oum
1131 1541 1208 1607 pro·
1328 1521 1524 1607 Inquirenti,
1553 1541 1650 1604 quam
1674 1521 1837 1605 praeclaro
1858 1520 1922 1583 bair
1938 1523 1969 1582 ri-

456 1629 546 1694 meri
562 1629 596 1692 iu
609 1629 847 1692 Dissertatioue
863 1627 906 1692 de
923 1648 961 1690 re
975 1647 1097 1690 numm.
1111 1627 1208 1688 Etru·
1264 1625 1365 1688 melio
1393 1625 1548 1708 patriam,
1585 1624 1696 1688 locum
1724 1621 1836 1685 deindo
1859 1625 1968 1687 natalem

456 1751 588 1795 aeorum
602 1729 696 1796 dietis
709 1729 967 1814 Paralipomonia
981 1728 1123 1814 adjecta3
1140 1749 1207 1790 nom
1264 1727 1515 1805 oouttituorem,
1533 1745 1628 1797 oauaa
1642 1723 1853 1808 inscriptioni·
1864 1725 1968 1786 Latinae

457 1853 559 1918 orgo,
584 1847 621 1896 ut
640 1833 723 1896 dixit
740 1831 902 1908 banaiae,
923 1831 958 1892 im
981 1831 1062 1916 ipaia
1085 1829 1206 1893 Parali·
1263 1829 1360 1894 facila
1383 1847 1572 1913 portuosum
1593 1825 1673 1906 fuit,
1696 1841 1749 1890 aut
1770 1823 1968 1910 respiciendam

456 1936 625 2020 pomeria,
653 1956 762 2022 nequo
788 1957 821 2020 p.
844 1935 919 2018 17⁶,
935 1931 1010 1996 -aed
1036 1935 1112 2010 154,
1142 1931 1206 1994 nbi
1263 1931 1397 2009 ltaliam,
1414 1929 1968 2017 autgeueratimbiomauorumquau·

456 2039 544 2104 sorta
562 2039 625 2104 alia
646 2039 717 2122 ejus
735 2037 846 2123 operia
865 2035 1009 2102 editione
1028 2056 1105 2100 usus
1123 2049 1184 2102 eat.
1262 2033 1348 2118 piam
1371 2033 1542 2096 coloniam.
1564 2031 1681 2114 >Urbes
1696 2030 1858 2092 nonnullae
1872 2031 1967 2092 lutiam

1263 2135 1360 2199 etiam
1379 2147 1493 2218 portua
1511 2155 1605 2220 quam
1616 2134 1659 2194 ,in
1676 2134 1883 2196 Romanorum
1901 2144 1969 2213 pote-

777 2223 817 2288 Ρ·
832 2223 884 2304 93·
930 2269 938 2290 ·
1262 2249 1380 2300 atatem
1400 2255 1543 2313 renero,
1564 2251 1664 2322 atque
1683 2235 1741 2298 baa
1754 2235 1842 2298 iuter
1856 2235 1967 2298 colonias

519 2342 619 2428 Fugit
635 2362 707 2420 mo,
728 2362 803 2406 oum
822 2341 904 2406 baec
923 2339 1123 2417 scriberem,
1146 2360 1205 2403 uu·
1263 2358 1393 2424 quoque
1411 2352 1515 2402 ataute
1530 2338 1704 2424 republica
1717 2339 1757 2402 R.
1773 2337 1917 2421 propriam
1930 2335 1967 2397 ba-

456 2466 527 2508 mus
542 2442 724 2506 Tudertum
739 2457 925 2528 argenteus,
942 2461 1040 2526 quem
1057 2443 1207 2540 obcum-
1262 2435 1371 2504 diuisae
1389 2453 1569 2517 monetam,
1585 2441 1664 2504 aetia
1676 2453 1810 2503 cumtat.
1830 2439 1895 2502 Fuit
1906 2439 1966 2500 haut
2048 2461 2049 2464 ¹

353 2577 356 2586 ·
457 2547 530 2608 bio·
554 2565 595 2608 ex
616 2544 821 2607 Hunteriano
850 2543 1003 2626 vulgarit.
1035 2545 1132 2626 (Tab.
1153 2545 1204 2612 br.
1260 2543 1597 2621 foretantmuaeuea,
1615 2553 1966 2626 verumoompertaquo

457 2647 642 2712 numidii.
679 2648 786 2729 Caput
817 2646 936 2710 Sileni.
968 2643 992 2705 t
1021 2647 1204 2714 'I'VTERE
1263 2666 1326 2731 que
1341 2660 1512 2732 argentea,
1529 2645 1684 2710 oteirara
1699 2643 1869 2708 admodum.
1886 2641 1966 2703 Habe

456 2745 680 2835 retrograde.)
697 2745 828 2828 Aquila
845 2757 940 2810 stuus
955 2754 1112 2830 expausis
1127 2754 1204 2816 ultr.
1262 2767 1334 2810 rouo
1359 2769 1400 2810 ex
1421 2747 1485 2810 hoo
1507 2747 1641 2812 motoilo
1658 2769 1774 2810 numos
1790 2745 1913 2829 insigues
1926 2741 1965 2804 Al-

457 2851 553 2914 Haud
575 2849 674 2912 dubio
694 2869 811 2910 numme
831 2847 1079 2948 Amadutiauua,
1107 2871 1204 2935 quom
1261 2847 1323 2912 bae
1345 2847 1541 2929 Fauentiae,
1571 2870 1653 2935 quae
1671 2849 1710 2911 -iu
1732 2849 1841 2912 Mareia
1857 2848 1925 2920 uita,
1942 2857 1965 2906 ot

459 2955 522 3018 boo
540 2949 895 3032 loooeitari,ejuadam
911 2971 984 3014 eum
999 2953 1203 3018 Huntoriauo
1260 2953 1483 3015 Romanorum
1513 2956 1647 3036 iusuper
1667 2951 1799 3016 ,colonia
1817 2949 1879 3015 fuit.
1910 2947 1964 3038 Quo
2048 2999 2049 3026 ,

457 3065 509 3118 eet
530 3067 676 3118 maturae.
710 3051 823 3116 Seriua
845 3052 879 3114 iu
901 3053 1101 3117 simillimum
1124 3057 1203 3119 alto·
1261 3073 1325 3138 ego
1342 3068 1428 3118 tutuo
1446 3056 1599 3140 exemplo
1615 3075 1684 3116 uon
1701 3053 1848 3128 dubitem,
1863 3069 1964 3112 numum

456 3176 546 3232 rum,
573 3153 629 3240 qui
649 3166 699 3218 oet
717 3151 752 3214 iu
774 3175 888 3218 museo
909 3156 958 3221 ill.
973 3157 1066 3222 Com.
1083 3158 1202 3236 Vituai,
1261 3155 1303 3220 de
1322 3178 1386 3242 quo
1412 3159 1553 3242 agimus,
1575 3155 1733 3222 adserere
1755 3155 1895 3240 signatum
1912 3151 1963 3233 Sig·
2048 3239 2049 3242 Ἴ

456 3257 534 3320 oatia
546 3255 668 3320 affabre
683 3255 804 3319 fautum
818 3255 928 3334 incidi,
943 3279 1057 3322 rerum
1072 3260 1099 3322 ia
1112 3260 1202 3343 juxta
1259 3257 1344 3343 niae,
1365 3281 1447 3342 quaa
1465 3261 1526 3322 suit
1540 3259 1892 3344 pervetuo·Volecorum
1907 3253 1963 3316 arba

356 3347 364 3362 ⁶
456 3373 553 3443 caput
566 3357 672 3422 Sileni
687 3355 788 3422 offert
804 3358 984 3442 globulum,
1000 3361 1203 3424 manifootam
1261 3361 1371 3443 etjam
1389 3385 1407 3425 a
1425 3363 1602 3447 Tarquinio
1620 3361 1772 3446 Superbo
1789 3359 1910 3422 deducta
1925 3376 1963 3420 oo·
2048 3423 2049 3446 ,

454 3461 570 3524 unciae
590 3472 716 3537 notam,
738 3481 775 3524 ao
795 3461 893 3544 plane
914 3463 1063 3547 geminus
1083 3476 1133 3526 eat
1150 3483 1203 3527 ae·
1260 3461 1358 3526 lunia.
1397 3465 1562 3550 Scriptum
1594 3464 1755 3526 SElGnt'u
1783 3481 1838 3546 pro
1864 3458 1964 3522 Sle'o

453 3583 519 3626 uoo
535 3561 600 3640 illi,
619 3583 716 3645 quem
731 3561 910 3646 Arigoniua
928 3565 962 3626 iu
980 3565 1201 3630 miscellaneis
1259 3583 1325 3625 uon
1349 3579 1510 3650 repugnat
1535 3566 1708 3651 perpensio
1733 3565 1790 3640 iia,
1807 3584 1885 3648 *quae
1908 3560 1962 3624 Vol.

455 3664 522 3726 auia
534 3661 678 3729 ramat.
693 3685 725 3729 m.
736 3669 788 3730 51.
801 3665 923 3748 pictum
939 3665 1039 3729 dedit.
1061 3669 1091 3731 la
1108 3689 1201 3754 orgo,
1260 3665 1300 3732 V·
1322 3687 1356 3750 p.
1371 3671 1413 3750 75
1434 3669 1476 3734 de
1492 3672 1506 3732 l
1523 3669 1678 3756 ἆρχωῑκως
1695 3669 1728 3729 iu
1742 3669 1787 3728 EI
1803 3677 1909 3726 motato
1923 3661 1963 3723 ab
2048 3659 2049 3688 ¹

456 3767 511 3850 qui
527 3785 661 3832 numum
676 3765 763 3827 buno
776 3765 866 3829 volet
883 3767 1057 3850 genuinum
1073 3785 1200 3854 putare,
1259 3771 1468 3835 servavimus.
1498 3771 1680 3834 Promissus
1704 3767 1862 3834 feriendae
1877 3785 1962 3827 mooe·

456 3867 652 3951 comprobet
672 3867 787 3946 etiam,
812 3867 911 3932 urbea
933 3869 1057 3934 Italicae
1078 3893 1199 3936 aeneae
1244 3876 1308 3932 'tae
1327 3874 1479 3956 propriae
1502 3871 1684 3958 etquidem
1699 3872 1793 3936 etiam
1808 3871 1839 3932 iu
1853 3881 1961 3953 argento

456 3973 592 4056 quoqu!
618 3987 696 4033 euoo
728 3983 880 4034 monetae
910 3972 1077 4036 unciarum
1107 3989 1200 4039 notae
1257 3970 1353 4036 facita
1376 3989 1485 4058 potest
1510 3975 1619 4060 repeti
1645 3973 1685 4038 ab
1709 3973 1894 4056 indulgentia
1913 3971 1962 4029 iio

455 4073 654 4157 improaiaae.
682 4073 798 4155 Neque
819 4071 1029 4152 dubitavero,
1053 4089 1087 4140 et
1105 4079 1201 4141 Ama·
1257 4095 1428 4138 manorum
1453 4081 1486 4140 iu
1515 4077 1797 4152 banoooloniam,
1829 4073 1906 4156 oujm
1925 4067 1960 4130 illi

455 4175 637 4252 dutiauum,
660 4186 694 4236 et
709 4173 947 4239 Hunteriauum
965 4199 1097 4242 numum
1117 4181 1201 4264 ojuo·
1258 4175 1357 4239 fidem
1375 4193 1459 4244 teate
1477 4180 1626 4264 pluribus
1643 4179 1725 4242 loeis
1742 4177 1821 4242 Livii
1837 4171 1961 4237 difficilli-

456 4275 531 4341 dem
559 4297 632 4341 ease
654 4290 803 4354 maturae,
821 4281 883 4340 etsi
908 4277 1051 4343 adstituti
1075 4282 1201 4364 globuli
1258 4277 1319 4341 mia
1332 4282 1397 4344 suia
1413 4281 1614 4366 temporibus
1630 4281 1785 4344 sinceram
1804 4293 1888 4364 atque
1901 4295 1960 4337 con·

454 4399 521 4442 non
540 4377 596 4442 flat
611 4380 751 4457 mentio,
774 4379 830 4464 qui
846 4379 933 4444 forte
951 4381 1056 4444 minua
1074 4384 1201 4467 compi·
1258 4393 1395 4444 stantem
1411 4399 1486 4446 aunt
1503 4384 1642 4468 experti.
1663 4386 1754 4448 Haeo
1772 4395 1804 4444 ut
1823 4391 1887 4442 aunt
1902 4395 1958 4458 pro

456 4501 536 4543 uuus
557 4480 725 4568 utriusque
748 4481 868 4546 eruditi
891 4484 1062 4568 praeconia
1086 4487 1198 4550 oouloa
1254 4481 1373 4546 bubilia
1397 4506 1494 4564 sone,
1519 4500 1615 4572 utque
1637 4484 1800 4569 expeditos
1821 4485 1863 4546 ⁸5⁰
1881 4479 1955 4563 plana
2048 4491 2049 4496 ’

456 4584 589 4666 fugerit.
996 4609 1004 4624 ·
1216 4619 1219 4643 ι
1255 4581 1408 4663 difficile,
1423 4601 1538 4674 utque,
1555 4601 1591 4652 ut
1608 4588 1687 4651 mibi
1700 4587 1855 4660 rideatur,
1871 4573 1957 4644 uidua·

1253 4708 1321 4762 το),
1339 4687 1430 4768 miri,
1448 4691 1504 4775 qui
1524 4713 1667 4756 aversam
1687 4701 1831 4772 oooupat,
1847 4683 1902 4768 typi
1919 4703 1956 4742 ra·

1251 4787 1374 4854 tionem
1400 4791 1554 4860 reddere.
1595 4795 1750 4856 Nimirum
1779 4788 1871 4852 defuit
1897 4781 1955 4843 huic
