4244 5484
609 439 685 517 DE
726 375 1140 518 PONTIFICiaTV
1179 441 1319 522 Max„

181 623 319 692 drotum
343 645 482 690 examen
507 625 636 690 vocarit
667 623 844 708 Bimardus
875 647 934 690 no·

181 737 254 796 st'er
274 729 393 794 iudea
418 727 533 812 pagina
553 729 612 806 75,
637 727 826 811 sanxitque,
846 729 934 810 prio·

179 853 255 898 rem
271 831 428 908 Baronii,
448 829 605 913 Bosiiqne
626 829 814 912 opinionem
835 829 932 893 alteri

179 934 283 1018 lunge
294 930 559 1019 praeferendam.
580 933 653 994 Non
662 951 795 1016 possum
812 931 930 1014 longae

180 1035 413 1120 disputationis
435 1033 566 1102 nondai
588 1053 744 1096 summam
766 1031 830 1106 ltnc
854 1053 931 1098 oon·

180 1140 294 1214 ferre,
317 1159 431 1223 qnam,
453 1149 605 1219 quantum
615 1133 830 1220 lieripotest,
851 1156 929 1220 pau·

180 1245 441 1326 ciaexrerptum
461 1259 511 1300 eo.
624 1265 627 1272 ·

245 1339 422 1426 Repudiati
447 1340 586 1420 primum
609 1359 628 1400 a
646 1335 801 1400 Gratiano
822 1338 928 1422 ponti·

178 1442 296 1508 licatus
313 1464 397 1508 max.
419 1441 576 1504 disertum
598 1439 823 1504 testimoninm
844 1463 927 1506 unus

178 1547 284 1614 offert
311 1545 462 1609 Zosimus
485 1545 529 1627 ⁸).
572 1543 690 1606 Narrat
711 1543 817 1618 enim,
851 1533 939 1608 eum

180 1652 256 1737 quis
276 1647 317 1713 ad
337 1648 513 1731 imperium
534 1657 667 1710 vocatus
690 1659 757 1723 est,
783 1643 926 1708 adfuisse

180 1752 339 1818 continno
373 1747 566 1834 pontifices,
606 1745 662 1831 qui
692 1745 844 1810 amictum
876 1747 926 1807 illi

178 1851 405 1941 pontificalem
447 1850 618 1924 obtulere,
662 1859 695 1910 et
736 1847 925 1930 pontificem

178 1955 266 2022 adeo
281 1955 455 2019 maximum
473 1943 671 2037 appellatum
690 1947 801 2012 inisse.
846 1947 926 2012 Orn-

178 2080 243 2123 nes
262 2060 419 2122 hacteuus
448 2056 664 2138 imperatores
693 2051 800 2116 rideri
829 2051 924 2116 avide

177 2165 264 2229 hauc
287 2160 478 2241 dignitatem
500 2155 706 2239 suscepisse,
732 2165 769 2217 et
792 2172 925 2238 semper

178 2265 247 2329 ltoc
276 2261 372 2326 titolo
403 2281 496 2335 usos,
534 2277 577 2320 ne
611 2270 750 2339 excepto
774 2255 924 2341 quidem

175 2365 409 2438 Constantino,
448 2361 511 2426 etsi
538 2358 566 2421 ia
601 2357 728 2441 abjecta
762 2357 923 2439 majorum

173 2469 341 2550 religione
378 2459 592 2530 Christianam
624 2471 712 2524 esset
741 2460 922 2544 amplexus.

173 2571 214 2634 ln
235 2569 352 2634 eodem
368 2564 540 2650 proposito
552 2563 708 2626 mansisse
727 2563 843 2638 etiam,
866 2562 923 2646 qui

173 2673 327 2758 proxime
342 2681 555 2742 snccesssre,
575 2679 672 2749 atque
688 2663 748 2727 hos
764 2663 923 2732 inteer·

173 2775 390 2840 lentinianuur
407 2787 560 2854 quoqne,
581 2785 619 2831 ac
633 2767 818 2836 Valentem.
857 2769 923 2838 Vs·

172 2897 250 2940 rum
267 2895 341 2940 cum
354 2869 527 2958 pontifices
550 2882 698 2934 veterem
722 2889 849 2934 morem
872 2887 923 2936 se·

174 2979 246 3044 enti
259 2989 368 3058 togam
389 2971 625 3038 sacerdotalem
643 2970 798 3035 Gratiano
822 2969 924 3035 offer·

172 3091 271 3156 rent,
293 3075 379 3140 hunc
404 3097 475 3140 eam
497 3074 705 3158 repudiasse,
727 3093 802 3138 cum
823 3093 922 3158 nega·

170 3192 247 3256 ret,
278 3197 318 3242 ea
334 3175 502 3242 hominem
522 3175 715 3238 Christianis
738 3177 839 3240 sacris
865 3177 921 3238 de·

170 3281 277 3345 ditum
302 3279 349 3344 nti
373 3287 501 3364 posse·
526 3277 668 3342 Reddita
693 3275 795 3360 igitur
816 3280 921 3362 ponti·

1661 479 1735 548 387

988 626 1040 688 An
1064 626 1166 705 enirn,
1201 629 1230 692 si
1252 631 1317 716 jem
1332 632 1563 700 Constantinus
1583 621 1629 704 M,
1652 665 1734 730 pon.

988 726 1125 792 tilicinm
1150 731 1235 794 istnd
1262 755 1378 798 munus
1402 735 1634 822 detrectasset,
1657 767 1734 813 coa.

987 841 1227 916 templumtam
1254 855 1408 900 canorum
1430 840 1575 907 indicare
1596 847 1629 908 iu
1646 868 1735 914 com·

986 935 1155 1014 mortariis
1171 936 1237 998 suis
1253 942 1476 1021 neglexissent
1488 959 1541 1008 aut
1553 935 1735 1034 scriptores

987 1035 1221 1115 ecclesiastici,
1239 1061 1276 1103 ac
1288 1045 1463 1127 praecipue
1477 1048 1655 1136 Eusebius,
1676 1069 1733 1119 aut

986 1137 1165 1222 scriptores
1190 1143 1351 1222 gentiles,
1373 1165 1410 1206 sc
1433 1151 1733 1232 cumprimislulie·

943 1297 950 1315 ‚
985 1259 1047 1302 nos
1061 1243 1227 1323 apostatal
1257 1244 1309 1304 Ex
1323 1267 1388 1328 quo
1404 1249 1534 1312 silentio
1551 1255 1645 1336 argui
1658 1255 1731 1338 jure

983 1356 1104 1424 potest,
1120 1344 1735 1438 apraecedentibnsprincipibusChri·

985 1445 1096 1506 atianis
1112 1445 1195 1507 nihil
1213 1447 1245 1508 in
1262 1447 1324 1512 hoc
1335 1471 1427 1512 more
1444 1452 1546 1518 fuisse
1562 1472 1733 1526 mutatum.

984 1545 1114 1608 Deinde
1139 1547 1167 1608 si
1192 1547 1297 1630 potuit
1324 1551 1400 1614 satis
1423 1555 1546 1620 habere
1569 1561 1666 1622 animi
1688 1561 1732 1625 'ad

984 1647 1217 1732 aspernandam
1247 1652 1444 1734 religionem
1480 1671 1646 1740 veterem,
1686 1675 1735 1729 ta·

984 1769 1060 1811 men
1085 1751 1306 1833 periculorum
1331 1749 1447 1822 sciisset
1470 1759 1510 1820 ab
1530 1765 1731 1846 acceptando

983 1849 1109 1914 sinmmo
1124 1852 1187 1916 hoc
1205 1875 1343 1919 munere
1357 1857 1497 1922 alienum
1511 1862 1630 1944 rideri,
1654 1867 1731 1952 quia

981 1952 1056 2035 jure
1078 1967 1183 2017 metus
1203 1954 1320 2020 fuisset
1350 1957 1489 2041 injectus
1517 1968 1649 2048 paganis
1671 1989 1730 2032 nn·

982 2074 1076 2126 mero
1110 2061 1180 2120 tuni
1218 2057 1324 2122 adhuc
1360 2062 1642 2146 praevalentibus,
1685 2089 1730 2135 ue

982 2174 1041 2220 eos
1069 2155 1115 2220 sd'
1137 2158 1342 2244 suscipienda
1369 2183 1454 2228 nova
1483 2186 1574 2232 sscra
1601 2167 1634 2232 ri
1662 2149 1728 2234 adi·

982 2271 1088 2340 geret.
1132 2260 1235 2342 Ergo‘
1251 2281 1316 2346 qno
1332 2262 1405 2344 jure
1425 2266 1581 2354 deinceps
1597 2292 1728 2359 quoque

980 2357 1130 2440 permisit
1150 2363 1203 2443 agi
1220 2361 1371 2428 ludorum
1391 2369 1558 2448 solennia,
1581 2385 1615 2436 et
1637 2395 1730 2458 quas-

981 2477 1110 2544 cunque
1131 2463 1281 2548 antiquae
1305 2470 1545 2550 superstitionis
1569 2479 1727 2541 caerimo-

979 2561 1065 2641 nias,
1098 2564 1217 2629 eodem
1248 2579 1282 2630 et
1311 2569 1382 2652 ipse
1415 2576 1523 2658 potuit
1552 2575 1728 2644 admittere

979 2686 1116 2743 munna,
1144 2688 1209 2752 qno
1231 2671 1411 2735 secundum
1440 2681 1658 2762 praescriptas
1679 2683 1727 2746 le·

979 2787 1039 2852 ges
1065 2769 1196 2853 antiqua
1220 2775 1410 2857 superstitio
1431 2779 1619 2860 regebatur.
1664 2783 1728 2849 Ac·

978 2869 1086 2948 cedit,
1109 2870 1198 2956 quod
1217 2874 1401 2938 amolienda
1425 2899 1445 2940 a
1469 2898 1504 2940 se
1527 2899 1566 2942 ea
1588 2881 1726 2967 dignita·
1823 2883 1828 2902 '

979 2983 1012 3036 te
1027 2972 1142 3056 justam
1157 2977 1328 3058 potestatis
1343 2977 1571 3064 imperatoriae
1584 3000 1725 3068 partem,

977 3088 1116 3158 propter
1136 3095 1232 3160 quam
1249 3099 1288 3143 ea
1310 3101 1330 3142 a
1356 3079 1532 3162 majoribus
1554 3088 1649 3152 arida
1667 3110 1725 3154 er·

977 3176 1079 3260 petita
1101 3173 1282 3260 luit,'ipse
1312 3181 1374 3242 sibi
1404 3181 1587 3248 ademisset.
1632 3187 1723 3279 Quid

976 3275 1065 3361 quod
1080 3297 1118 3340 es
1135 3269 1262 3342 retenta
1275 3280 1441 3365 principes
1458 3285 1631 3351 Christiani
1649 3293 1724 3354 mil·

170 3379 292 3447 ficibus
312 3395 389 3465 toga
412 3379 535 3444 dixisse
558 3376 749 3462 pontificem
775 3379 919 3464 conlegii
956 3377 1008 3442 .le
1037 3377 1183 3442 habuere
1216 3380 1355 3456 modos,
1392 3381 1558 3448 idolorum
1597 3391 1722 3458 cultum

173 3483 447 3570 suiprincipem,
478 3482 506 3548 si
522 3467 646 3546 fastidit
663 3483 844 3566 imperator
862 3503 919 3544 no·
974 3479 1135 3544 cuniculis
1157 3480 1384 3564 oppugnandi,
1421 3487 1628 3568 prohibendo
1651 3493 1725 3560 illa·

169 3605 249 3650 men
285 3583 465 3671 pontilicis,
509 3584 621 3668 paullo
658 3597 733 3666 post
771 3582 923 3678 futurum
973 3579 1015 3642 tis
1037 3579 1141 3643 causis
1163 3582 1279 3660 solitos
1302 3599 1499 3665 conventus,
1530 3591 1626 3669 ritus,
1649 3617 1723 3662 cae.

101 3687 106 3694 ’
172 3687 366 3774 pontificem
397 3689 586 3753 Maximum.
603 3747 610 3752 ,
629 3686 797 3750 Hactenus
827 3681 919 3746 Zosi-
973 3681 1157 3760 simonias,
1206 3683 1344 3770 aliaque.
1405 3685 1545 3752 Praeter
1586 3695 1722 3762 allatum

171 3809 266 3868 unus,
297 3791 388 3874 cnjus
418 3804 586 3876 postrema
614 3787 717 3853 rerba
746 3785 917 3850 continent
973 3805 1051 3848 mox
1072 3777 1197 3847 Zosimi
1220 3787 1441 3852 testimonium
1472 3797 1720 3862 memorandum

168 3891 376 3958 adlusionem
395 3891 435 3954 ad
460 3883 847 3954 Haximnm'Britannise
869 3900 917 3970 ty·
973 3885 1072 3952 etiam
1090 3887 1231 3950 alterum
1254 3889 1381 3982 Servii,
1404 3893 1461 3980 qui
1483 3894 1543 3960 snb
1560 3899 1720 3986 principi-

167 4013 330 4066 rannum,
359 3992 415 4078 qni
444 4011 560 4055 revera
584 3990 708 4074 'aliquot
729 3999 804 4072 post
824 3986 915 4050 annis
972 3988 1033 4066 bus
1055 3988 1245 4052 Christianis
1272 3991 1420 4077 scripsit,
1448 4018 1528 4062 snos
1547 4007 1719 4082 majoma,

166 4114 268 4162 caeso
283 4092 439 4158 Gratiano
460 4091 633 4175 imperium
659 4088 806 4173 arripuit.
847 4087 918 4151 Hu-
970 4089 1096 4176 inquit,
1117 4095 1491 4173 knsrmotemsnetudo,
1512 4108 1549 4160 ot
1563 4115 1720 4168 recesset

163 4197 220 4282 ius
241 4195 416 4263 veritatem
435 4193 614 4258 testimonii
633 4189 806 4254 Bimardus
821 4210 916 4276 argu·
970 4195 1243 4290 stiamfacodos,
1265 4196 1488 4278 retractares,
1510 4204 1595 4263 sade
1610 4203 1718 4270 lodis.

162 4296 288 4362 menda
304 4294 393 4372 aliis,
417 4293 533 4377 quibus
550 4292 669 4378 passim
687 4291 738 4355 usi
754 4303 916 4357 sunteru·
970 4315 1032 4382 qne
1052 4297 1260 4376 imperotores
1288 4296 1425 4361 dicimos
1447 4299 1634 4384 poerestcoej
1663 4303 1717 4366 Ag

164 4395 333 4484 diti„qui
361 4415 594 4480 praecessere,
616 4394 762 4462 stabilire
788 4395 915 4465 nititur.
945 4405 1180 4476 -monnments
1213 4404 1328 4462 vetera
1366 4396 1455 4482 qood
1489 4399 1622 4484 minet,
1649 4423 1719 4473 Ἠ,

193 4707 473 4792 nhfficw

1377 4787 1519 4874 ceca
