4226 5500
534 532 542 551 ’
578 589 655 665 aa
688 587 977 670 venusttum
1007 593 1251 673 satnvn.
1642 621 1687 688 ι.

136 773 302 824 terrarum
314 758 433 824 tractui
448 759 724 846 virquidsmuon
740 759 885 848 prudens
1130 769 1167 832 Ρ.
1182 765 1251 834 sod.
1269 767 1375 832 eois.
1392 767 1496 833 lina.

137 861 258 940 ruodo,
277 863 505 928 verumetiam
523 863 830 951 curiosus,qoslem
849 867 885 930 in
1005 885 1075 952 fio,
1098 893 1214 954 nmo,
1237 907 1316 954 m,
1339 909 1414 954 ,Μ
1434 889 1685 970 Frentanorum·

136 965 295 1030 Pausania
310 978 403 1028 nacta
419 965 623 1046 estGraecia,
634 967 732 1052 quiin
749 967 886 1053 oppido·
941 989 1052 1074 paullo
1068 989 1156 1072 infr,
1170 989 1385 1057 mmmmm,
1488 995 1492 1004 ·

134 1089 211 1134 rum
227 1069 444 1152 religionem,
457 1067 688 1148 caerimonIas,
717 1069 885 1156 antiquitu-

135 1146 200 1250 tds,
211 1169 448 1255 opinionesque
465 1171 641 1256 populares
654 1171 883 1258 inquisivisset,
1041 1161 1077 1223 Ρ·
1093 1180 1162 1243 ¹⁰7·
1180 1169 1259 1242 t²⁰t²
1276 1157 1429 1224 ΜΕΝ
1437 1158 1583 1226 TAM·

132 1287 234 1360 atque
250 1273 427 1336 memoriae
441 1273 633 1352 mandasset,
646 1275 766 1360 quippe
780 1275 883 1339 adur-
991 1275 1173 1344 'Frentanis
1193 1297 1327 1341 numum
1352 1291 1544 1364 sequentem
1569 1279 1683 1342 tribuit

133 1376 188 1440 Isis
210 1379 335 1440 Romae
368 1375 615 1459 amplitudinem
639 1390 674 1442 et
707 1377 882 1441 illecebras
939 1379 1037 1443 abbas
1073 1381 1232 1448 Sestium.
1275 1381 1427 1464 (Lettsre
1458 1383 1554 1448 Tum.
1575 1381 1617 1450 V.
1651 1404 1684 1466 p.

133 1479 315 1544 vicinarum
338 1479 469 1542 urbium
500 1478 619 1542 merito
647 1499 685 1542 se
707 1477 812 1564 gloria
837 1468 883 1542 fa‘·
939 1479 1104 1564 xxxHL)

134 1583 286 1647 tiscents.
309 1579 453 1642 Dubium
466 1601 533 1643 non
549 1593 616 1658 est,
631 1581 749 1664 junctis
766 1581 813 1644 sic
831 1602 882 1643 ca·
1000 1578 1252 1649 fl3tldtl3t18.
1273 1581 1380 1668 Caput
1390 1584 1553 1648 Mercurii
1566 1593 1682 1668 petaso

132 1683 256 1768 pitibus
271 1681 376 1746 Sileni
401 1694 435 1745 et
455 1681 528 1765 apri
551 1681 690 1767 aliquam
717 1683 881 1746 contineri
938 1697 1072 1754 tectum.
1107 1683 1137 1746 1·
1161 1688 1282 1749 Eadem
1307 1685 1495 1768 epigraphe.
1533 1689 1681 1768 Pegasus

132 1783 348 1868 allegoriam,
366 1783 454 1868 quod
473 1805 538 1868 ego
555 1797 782 1868 argumentum
802 1784 881 1848 alibi
936 1787 1079 1865 saliens,
1102 1787 1193 1870 iulio
1209 1807 1305 1868 quem
1321 1789 1439 1867 talpas.
1461 1785 1532 1851 tlt.
1549 1789 1602 1850 lll.

131 1885 298 1969 copiosius
324 1883 531 1968 pertractum.
560 1885 653 1969 (Vol.
673 1887 714 1954 V.
739 1907 772 1970 p.
789 1889 879 1968 ηυγ).
999 1888 1105 1972 Hujus
1119 1888 1219 1966 numI,
1235 1907 1333 1974 wem
1348 1886 1412 1969 jam
1428 1886 1507 1950 olim
1521 1886 1682 1966 Iihellius,

131 1990 247 2073 Capita
278 1987 377 2050 simili
410 1987 509 2050 modo
546 1987 725 2070 composita
763 1986 878 2054 videre
935 1989 995 2055 sed
1011 1991 1129 2056 vitiatis
1145 1991 1267 2076 aliquot
1283 1987 1479 2074 epigraphes
1494 1985 1600 2053 literis
1614 1987 1682 2053 edi·

130 2111 230 2176 saepe
252 2103 302 2154 est
320 2091 354 2150 in
371 2090 509 2173 gemmis
528 2090 706 2178 ueteribus,
727 2089 787 2153 sed
806 2091 878 2174 quis
935 2092 1000 2171 dit,
1023 2091 1108 2167 binis
1127 2093 1210 2157 loeis
1231 2091 1384 2169 memini,
1407 2105 1503 2178 atque
1526 2112 1593 2156 unu
1613 2092 1682 2178 qui·

129 2191 343 2270 inficiabitur,
370 2193 404 2254 in
433 2192 485 2254 his
509 2211 640 2278 quoqne
662 2190 762 2270 illud,
791 2191 878 2276 quod
935 2193 1118 2278 dem-(Vol.
1131 2198 1157 2260 1.
1174 2216 1206 2279 p.
1220 2195 1310 2286 spor),
1331 2193 1619 2258 commemorando
1633 2195 1681 2277 ju·

130 2308 246 2360 contra
268 2307 403 2358 naturae
427 2293 521 2378 leges
551 2295 716 2372 socinum,
746 2314 878 2358 sensum
935 2297 1057 2363 dicium
1085 2298 1127 2362 cl.
1149 2295 1281 2374 Lanzii,
1312 2296 1398 2388 hunc
1427 2317 1562 2358 numum
1589 2294 1681 2359 tenui

130 2397 275 2483 aliquem
297 2400 486 2478 mysticum,
506 2395 776 2477 reconditamque
802 2417 879 2460 con·
935 2401 1125 2484 conjectura
1150 2397 1280 2461 Pentris
1306 2397 1429 2460 Samnii
1456 2396 1678 2480 adjudicantis.

128 2501 264 2564 tinere?
286 2501 387 2563 Forte
406 2499 511 2563 Sileni
524 2513 621 2583 caput
637 2499 760 2574 indicat
780 2499 879 2562 liber·
935 2501 1012 2564 Alio
1031 2501 1225 2584 (papum),
1244 2519 1309 2583 quo
1325 2513 1359 2563 et
1371 2499 1680 2584 ipsoconjeceram,

128 2618 232 2668 tatem
253 2602 371 2668 uirium
393 2599 546 2686 expensis
571 2601 627 2680 iis,
654 2623 736 2688 quse
758 2601 792 2664 in
814 2601 879 2666 hoc
936 2625 1013 2667 enm
1040 2601 1146 2667 vIdsri
1168 2602 1340 2666 Frentanis
1365 2600 1464 2664 tribui
1490 2619 1609 2684 posse,
1637 2600 1679 2663 de

130 2725 236 2790 opere
253 2705 386 2789 copiose
413 2703 454 2767 de
470 2705 584 2767 Sileno
604 2703 764 2766 libertatis
784 2723 879 2787 argn-
936 2707 1027 2791 enjus
1041 2707 1105 2789 jam
1118 2703 1256 2768 veritate
1273 2703 1413 2766 dubitari
1429 2723 1496 2767 nou
1510 2722 1607 2788 posse
1625 2700 1679 2766 sd·

130 2822 244 2872 mento
259 2807 407 2870 disserui·
426 2807 581 2884 (VollV.
593 2826 626 2889 p.
638 2804 728 2887 qqd.)
744 2807 787 2866 At
800 2803 878 2888 quid
934 2808 1043 2874 firmat
1057 2805 1109 2874 uir
1125 2805 1284 2872 eruditus.

129 2909 251 2974 deinde
270 2907 466 2993 significabit
481 2908 672 2990 conjunctus
688 2909 789 2991 aperi

194 3011 289 3105 Quae
306 3011 404 3075 modo
424 3011 601 3095 disputavi,
628 3010 777 3072 inserere
801 3007 876 3072 loco
1067 2994 1105 3056 Ρ·
1120 2990 1189 3057 ¹¹⁰·
1207 2989 1270 3055 ⁶⁰¹·
1283 3005 1312 3053 ²·
1327 3000 1405 3070 ΡΜ
1419 2988 1480 3052 ²5²¹·
1491 2985 1544 3051 ²⁰·
1683 2992 1688 3002 ¹

127 3135 189 3178 suo
204 3135 270 3178 non
292 3117 392 3201 potui,
406 3113 481 3199 quis
497 3114 652 3180 volumen
667 3115 692 3178 1.
710 3111 876 3194 vulgatum
995 3111 1156 3175 Sestiuins
1168 3109 1205 3172 in
1216 3109 1287 3172 aeis
1303 3109 1403 3172 Class.
1418 3127 1495 3190 geu.
1511 3107 1549 3170 P.
1560 3107 1600 3169 II.
1615 3107 1676 3188 pit

127 3231 203 3281 ente
219 3215 301 3294 tuit,
320 3237 415 3300 quarn
430 3217 544 3282 videre
565 3216 770 3300 praeclarum
790 3213 876 3278 huno
933 3225 967 3276 et
982 3233 1002 3297 q
1020 3215 1064 3277 ait
1084 3213 1171 3276 hune
1193 3233 1326 3274 numum
1351 3230 1424 3274 esse
1442 3207 1574 3293 Aquini.
1597 3209 1677 3270 Cau·

127 3319 298 3382 nomnium
319 3320 474 3384 licuisset.
495 3317 693 3402 Nupemime
716 3317 811 3380 binos
836 3317 877 3379 si·
932 3339 1000 3380 sam
1018 3333 1085 3379 non
1102 3315 1202 3380 addit.
1231 3315 1333 3378 Forte
1352 3333 1425 3378 eam
1441 3311 1549 3376 adfert
1566 3310 1601 3374 in
1618 3333 1675 3375 sus

126 3423 223 3484 miles
246 3437 288 3484 ex
308 3441 421 3485 moseo
448 3439 511 3486 em.
528 3421 623 3485 Card.
641 3419 782 3502 Borgiae
806 3419 876 3482 rul-
931 3417 1119 3503 Deseriptio
1135 3437 1222 3480 num.
1235 3429 1301 3482 ret.

126 3522 218 3608 gavit
240 3521 339 3587 abbas
360 3524 518 3590 Sestinus.
548 3524 700 3608 (Lettere
722 3523 763 3588 T.
777 3521 818 3590 V.
839 3539 874 3605 p,
1618 3561 1623 3572 ,

125 3625 280 3708 lixllll.)
1111 3605 1145 3668 P.
1160 3621 1230 3684 usq.
1254 3601 1316 3664 eol.
1328 3616 1358 3664 a.
1376 3599 1437 3692 lin.
1452 3619 1501 3681 ¹7·

991 3725 1065 3788 Idus
1079 3743 1194 3786 numos
1211 3741 1283 3785 esse
1298 3721 1547 3795 Frentanorum,
1562 3719 1673 3804 paullo

272 3813 309 3876 Ρ·
324 3827 392 3874 ¹⁰¹·
410 3811 472 3876 ⁶⁰²·
482 3827 511 3892 d·
523 3821 601 3894 ΡΜ
615 3809 676 3875 ῙῘῙΙ·
688 3815 737 3884 ¹4·
932 3828 1071 3913 snpraiu
1080 3827 1130 3890 his
1139 3821 1473 3892 addendisdoeuimns
1483 3820 1539 3904 (ud
1548 3823 1672 3906 psov.)

193 3929 307 3994 Serius
323 3943 438 3996 auctor
454 3951 489 3995 se
505 3929 711 4008 retractavit,
727 3947 874 3992 numum·
1264 3915 1273 3934 ‘

127 4052 193 4118 que
220 4030 309 4096 huno
339 4053 413 4098 esse
444 4033 552 4118 potius
580 4031 693 4096 Asculi
720 4029 873 4116 conjecit.
1070 4015 1107 4077 Ρ·
1123 4025 1192 4095 ¹³7·
1212 4010 1274 4072 ⁶⁰²·
1290 4031 1316 4072 ¹·
1334 4017 1412 4089 ΡΜ
1430 4005 1490 4068 ῙῘΠ·
1503 4006 1534 4071 ⁶·

127 4137 282 4215 (Lettere
302 4137 342 4202 Τ.
357 4136 399 4206 V.
412 4157 444 4220 p.
460 4137 655 4218 XXXVIII.)
959 4135 1086 4219 Nuper
1112 4132 1154 4196 cl.
1171 4127 1328 4212 Sestinius
1348 4124 1437 4188 facili
1458 4143 1559 4208 opera
1579 4143 1671 4190 rese·

925 4237 998 4302 cari
1021 4254 1117 4318 posse
1141 4227 1365 4293 difficultatem
1391 4226 1584 4291 existimavit
1607 4239 1670 4291 sta·

255 4343 378 4407 Paos.
396 4340 460 4405 eol.
473 4357 503 4404 s.
521 4351 598 4424 post
616 4340 676 4402 tin.
691 4348 739 4413 td.
922 4335 1067 4414 tuendo,
1090 4329 1165 4398 OM
1181 4330 1321 4416 positum
1338 4349 1410 4393 esse
1427 4348 1489 4411 pro
1507 4324 1584 4397 ΟΣ.
1614 4329 1669 4392 Ni·
1784 4321 1790 4330 ’

851 4473 856 4488 ·
926 4432 1285 4519 mIramquv.g.in
1297 4431 1672 4503 VOLIIANOIIetrus·
1775 4493 1777 4502 ,

303 4506 339 4566 V
355 4503 388 4566 Ε
407 4505 436 4567 L
458 4503 482 4566 ¹
503 4503 534 4566 T
551 4503 580 4564 Β
596 4503 637 4565 A
656 4503 695 4604 E
926 4554 1038 4606 catum
1054 4549 1158 4624 putat,
1184 4549 1218 4602 et
1235 4537 1346 4602 valere
1365 4537 1405 4614 S,
1428 4533 1570 4598 adhaec
1591 4553 1667 4597 cou-

187 4644 355 4731 Oppidum
379 4647 412 4708 in
435 4643 575 4714 Volscis.
604 4645 656 4710 De
677 4663 776 4710 numo
798 4643 869 4728 ejus
925 4657 1012 4708 stare
1035 4663 1109 4707 cum
1135 4659 1176 4704 ex
1198 4638 1322 4718 numis,
1351 4651 1419 4712 tum
1449 4636 1666 4700 monumentis

123 4747 280 4832 plumbeo
295 4762 413 4836 agetur
427 4749 504 4814 Vol.
518 4749 604 4816 VIII.
622 4749 655 4812 in
672 4761 809 4814 tractatu
826 4745 867 4811 de
924 4746 1011 4824 aliis,
1032 4765 1098 4808 non
1115 4765 1190 4807 raro
1209 4745 1407 4806 elementum
1423 4737 1466 4802 M
1485 4739 1665 4825 potentiam

122 4851 387 4916 Pseudomonsta
403 4871 436 4934 p.
451 4851 523 4929 drq.
923 4871 976 4912 roo
998 4842 1032 4910 Σ
1056 4845 1219 4958 hnbuisse.
1249 4842 1452 4928 (Descriptio
1474 4863 1507 4926 p.
1525 4863 1555 4926 q.
1577 4843 1664 4924 aeq.)
