4226 5500
588 563 665 640 an
698 525 986 644 vonvnan
1018 565 1265 644 rasnvn.
1443 571 1452 584 ·
1678 599 1699 660 z

372 798 374 808 ,
457 733 564 801 1³:80.
942 757 1000 802 cae
1015 738 1178 822 reperias,
1195 751 1231 804 et
1246 739 1385 824 plurima
1402 721 1486 809 nora
1501 743 1686 827 excogitata

198 839 365 924 lejuuum,
388 833 529 914 Fateor,
553 833 712 902 hocloco
733 849 883 902 monetae
941 854 1035 904 antea
1061 840 1422 926 scriptoribusignuta,
1450 845 1499 908 uti
1524 847 1552 908 si
1577 865 1689 910 exem·

132 939 343 1004 Britannicae
362 938 485 1004 veteris
501 941 686 1024 catalogum
708 938 886 1018 dederam,
941 943 1032 1023 plum
1050 963 1176 1026 ponere
1196 942 1291 1024 licet,
1317 925 1443 1010 numos·
1458 946 1689 1038 imperatorios

134 1055 233 1126 atque
252 1041 340 1105 huuc
358 1041 457 1104 etiam
473 1053 563 1105 tanto
585 1042 688 1126 magis
710 1061 885 1127 aspernan-
939 1043 1050 1129 magui
1066 1043 1169 1123 aeris,
1192 1067 1281 1109 asses
1301 1048 1400 1133 vulgo
1418 1048 1541 1128 dictos,
1567 1064 1689 1116 sester-

135 1143 232 1221 dum,
258 1142 334 1229 quia
352 1163 395 1206 ne
418 1142 483 1228 ipsi
500 1142 599 1206 etiam
618 1142 670 1205 illi
690 1155 776 1220 tres,
799 1163 882 1230 quos
938 1145 1003 1212 tius
1019 1165 1092 1210 esse
1111 1146 1243 1214 evincit.
1265 1147 1333 1212 Sed
1349 1149 1431 1214 haec
1448 1150 1607 1214 obiter.‹·'

134 1245 225 1308 solos
243 1243 417 1322 dederam,
441 1257 563 1308 certam
586 1243 649 1308 sibi
670 1257 807 1328 possunt
827 1264 882 1327 pa·
947 1279 949 1286 ·
1004 1246 1107 1324 »Tibi
1123 1247 1477 1329 vireruditc',maxinte
1490 1252 1685 1318 commendo

133 1349 232 1412 triam
247 1345 413 1413 uindicare
431 1347 642 1412 Britanniam.
661 1347 751 1408 Ussit
767 1365 806 1409 ea
824 1366 880 1408 res
938 1346 1041 1409 libros
1054 1360 1183 1411 nostros
1198 1355 1341 1433 nuperos
1354 1353 1447 1416 dere
1461 1354 1685 1420 numismatica

135 1449 301 1512 cruditum
317 1447 500 1534 quempiam
515 1447 677 1531 Anglum,
697 1439 753 1531 qui
769 1447 880 1531 vulga·
937 1467 1145 1530 comparare,
1171 1451 1260 1534 quod
1277 1451 1394 1530 facilc,
1415 1453 1503 1518 sicl.
1519 1454 1681 1539 bibliope-

132 1565 198 1616 tam
219 1552 334 1638 banca
348 1569 400 1611 me
416 1548 540 1615 veteris
558 1569 658 1632 gazae
672 1547 878 1611 Britannicae
936 1548 988 1612 lae
1014 1548 1173 1614 Edwards
1194 1551 1228 1613 in
1254 1552 1328 1620 vico
1349 1555 1499 1618 Pallmall
1524 1557 1683 1636 Londini,

130 1653 303 1737 penuriam
329 1670 405 1714 suae
428 1648 641 1733 opprobrium
664 1647 770 1733 gentis
794 1647 879 1710 arbi·
936 1649 990 1712 cui
1014 1670 1089 1713 cum
1110 1651 1306 1719 Vindobona
1329 1657 1581 1735 commercium,
1606 1673 1683 1724 cta

130 1768 234 1816 tratus
250 1765 441 1837 sequentem
457 1749 499 1814 ad
515 1769 587 1826 me,
604 1749 819 1813 dissimultate
833 1762 878 1813 ta·
935 1771 1000 1835 quc
1017 1750 1138 1814 librum
1154 1757 1345 1836 tuum-emi,
1370 1759 1516 1822 mandata
1537 1757 1678 1826 deleres.
1794 1817 1798 1824 .

128 1875 207 1917 men
224 1874 283 1917 suo
298 1851 448 1930 nomine,
464 1850 636 1932 epistolam
653 1849 752 1926 dedit,
770 1873 876 1936 quam,
933 1852 1025 1916 Haec
1052 1845 1191 1937 epistola
1215 1857 1420 1923 solummodo
1446 1873 1572 1944 spectat
1595 1861 1679 1946 jndi-

127 1955 245 2018 Latine
259 1955 422 2038 scriptam,
435 1966 471 2016 ut
484 1971 686 2035 acceperam,
702 1951 874 2036 integram,
933 1952 1019 2016 cium
1038 1967 1129 2017 tuum
1148 1955 1190 2020 de
1209 1959 1315 2022 numia
1333 1960 1520 2038 Britonum3
1544 1983 1618 2026 uam
1643 1979 1680 2028 et

125 2057 219 2120 nullo
241 2055 297 2122 vel
318 2055 410 2138 apice
431 2068 485 2118 aut
505 2052 632 2129 addito,
655 2067 710 2117 aut
728 2052 872 2139 dempto,
931 2069 1059 2119 certum
1077 2071 1142 2136 est,
1165 2059 1277 2142 plures
1295 2062 1349 2126 bic
1365 2075 1535 2147 repertos,
1553 2063 1677 2128 fabrica

125 2172 181 2220 aut
196 2157 365 2221 immutato
381 2157 434 2222 hic
452 2176 527 2221 cam
547 2155 674 2222 lectore
696 2159 874 2220 communi-

126 2274 230 2325 catam
253 2259 339 2328 volo.

319 2448 382 2512 Vir
404 2447 614 2510 doctisss'me!

192 2564 288 2628 »Tibi
303 2565 453 2650 ignotus,
475 2579 510 2629 et
531 2584 613 2648 ergo
635 2561 790 2648 ἄνονυμος,
811 2561 871 2628 scd

126 2665 365 2731 amaterfamae
378 2680 463 2742 tuac,
480 2666 634 2752 quasdam
650 2665 871 2732 observatiuu·

126 2770 217 2832 culas
230 2767 264 2830 in
279 2788 361 2852 opus
372 2781 463 2830 tuum
477 2769 658 2854 egregium,
673 2768 727 2831 cui
742 2767 869 2831 titulus:

125 2871 284 2935 Doctrina
296 2890 470 2933 rumorum
485 2883 547 2932 etc.
561 2870 620 2932 tibi
631 2869 797 2934 submitto.
814 2869 872 2930 Di·

126 2972 242 3036 stantia
262 2973 327 3035 loci
344 2985 376 3035 te
394 2973 596 3036 litteraturae
612 2985 743 3035 nostrae
760 2972 871 3056 Angli·

125 3095 225 3138 canae
238 3073 444 3158 inexpertem
457 3073 611 3152 reddidit,
625 3094 688 3136 nec
700 3093 783 3136 uuus
796 3093 871 3136 ocu·

918 2159 965 2222 'et
980 2159 1064 2242 typis
1076 2181 1094 2222 a
1108 2157 1243 2224 Gallicis
1259 2183 1394 2245 prorsus
1408 2164 1600 2242 abhorrere,
1618 2187 1676 2228 nu·

929 2281 1001 2322 mus
1024 2260 1221 2325 Cunobelini
1246 2264 1335 2346 regis
1361 2279 1472 2328 extare
1497 2267 1674 2348 plurimos,

930 2375 964 2425 et
975 2361 1100 2446 aliquot
1114 2361 1148 2422 in
1158 2363 1362 2426 Pinkertonii
1375 2385 1477 2448 opere
1491 2367 1592 2441 (inter
1604 2371 1676 2453 plu·

928 2463 978 2526 ria
993 2462 1056 2527 alia
1071 2464 1262 2528 numismata
1279 2466 1430 2544 Persica,
1447 2467 1591 2548 Graeca,
1611 2471 1677 2534 Ro·

928 2585 1031 2641 mana,
1046 2565 1188 2648 primum
1205 2586 1247 2628 ex
1261 2566 1459 2631 collectione
1473 2570 1676 2636 Hunteriana

928 2668 1109 2750 exsculpta)
1135 2681 1247 2731 artare
1273 2667 1425 2733 indubiae
1449 2685 1558 2737 notae.
1591 2673 1674 2736 Sunt

929 2779 963 2830 et
985 2768 1076 2828 numi
1096 2769 1268 2831 Britonum
1293 2789 1335 2831 ex
1357 2789 1459 2852 cupro
1485 2785 1519 2834 et
1542 2759 1671 2852 stanne',
1729 2849 1733 2860 ¹

929 2867 982 2931 cai
1006 2869 1129 2932 similes
1155 2868 1273 2932 Gallici
1297 2889 1500 2954 nequaquam
1523 2887 1598 2936 sunt
1621 2894 1673 2937 re·

929 2969 1027 3053 perti.
1054 2966 1154 3047 Vale,
1180 2970 1232 3035 sir
1254 2969 1403 3050 erudite,
1426 2985 1460 3034 et
1484 2972 1596 3038 literas
1621 2994 1673 3037 cr·

928 3091 1006 3133 nara
1029 3091 1144 3156 perge.
1176 3071 1303 3136 Dabam
1322 3071 1465 3135 Loudiui
1488 3095 1602 3140 meuse
1626 3079 1672 3142 la·

126 3177 178 3238 lus
198 3174 307 3239 omnia
326 3175 440 3240 videre
458 3189 576 3259 potest.
598 3175 684 3238 Hinc
703 3175 870 3238 decumis
927 3172 1041 3236 nuario
1060 3181 1168 3258 t7p4.s

123 3275 319 3340 Britannicis
333 3277 488 3360 judicium
500 3291 591 3340 tuum
603 3276 739 3340 eruditis
750 3265 870 3341 nostris
990 3276 1083 3360 Ergo
1106 3276 1159 3342 vir
1182 3275 1345 3354 eruditus,
1375 3276 1521 3362 quisquis
1546 3279 1574 3342 is
1604 3292 1670 3356 est,

123 3379 220 3442 valde
240 3377 420 3464 displicuit,
442 3380 618 3463 presertim
637 3399 711 3442 cum
728 3393 814 3443 totus
827 3380 871 3442 li·
927 3397 1032 3441 meam
1050 3381 1261 3442 inscientium
1278 3377 1475 3470 scriptorum
1495 3377 1537 3443 de
1554 3399 1593 3443 re
1611 3401 1670 3443 nu·

123 3479 187 3542 ber
211 3491 286 3542 tuus
308 3479 512 3544 inscientiam
547 3481 592 3561 (si
616 3481 664 3544 l'us
689 3480 746 3563 sit)
780 3493 868 3544 tuum
926 3479 1103 3543 mismatica
1118 3479 1356 3543 Britaniccrum
1372 3479 1406 3544 in
1423 3483 1548 3545 crimen
1563 3495 1667 3560 vocat,

123 3581 321 3665 scriptorum
336 3571 578 3646 nostrorumde
594 3603 632 3645 re
646 3582 867 3646 numismatica
925 3580 1016 3664 cujus
1038 3601 1092 3644 me
1113 3603 1194 3645 onus
1215 3585 1321 3646 minus
1340 3583 1461 3667 premit
1479 3597 1668 3668 propterea,

122 3682 334 3750 demonstrat.
356 3683 453 3748 Haud
469 3685 622 3772 equidem
638 3685 772 3769 ignoro,
791 3703 867 3748 cen·
924 3683 1077 3767 queniam
1091 3682 1123 3746 ei
1134 3681 1438 3748 lerendobumeros
1449 3705 1579 3770 quoqne
1590 3705 1667 3750 suos

123 3805 233 3848 suram
250 3806 268 3847 a
285 3797 319 3850 te
337 3785 435 3850 latam
451 3807 524 3850 csse
543 3786 680 3851 candem
695 3785 760 3853 riri
776 3785 866 3851 docti
923 3797 1110 3868 supponunt
1120 3785 1329 3866 Vaillantius,
1345 3787 1549 3866 Harduinus,
1564 3789 1668 3852 Froe-

120 3886 250 3948 loannia
275 3887 455 3950 Pinlterton
478 3888 569 3952 Secti
595 3889 630 3950 in
657 3909 759 3972 opere
788 3908 864 3966 suo,
922 3885 1051 3963 lichius,
1063 3885 1263 3950 Pellerinius
1278 3901 1356 3967 etc,
1370 3890 1664 3975 quinetHaymius,

119 3987 173 4047 cui
197 3987 327 4050 titulus:
354 3989 408 4052 An
430 3991 532 4072 Essay
555 4009 597 4054 on
612 3989 740 4054 Medals
757 4011 789 4072 p.
801 3991 863 4073 205
921 3987 1047 4052 Wisius
1074 4001 1108 4050 et
1130 4002 1244 4052 auctor
1268 3991 1373 4053 musei
1398 3992 1665 4068 Pembroclsiani,

117 4107 211 4172 seqq.
235 4089 311 4156 Vol.
325 4092 350 4156 1.
371 4091 581 4175 nuperrimae
608 4089 761 4155 editionis
781 4092 862 4174 ¹789
921 4090 1029 4174 quiin
1050 4090 1120 4174 ipsa
1139 4090 1325 4170 Britannia,
1351 4103 1385 4155 et
1405 4107 1510 4156 aetate
1531 4106 1662 4157 nostrae

117 4191 187 4266 Bw,
204 4187 263 4252 sed
280 4189 314 4252 in
327 4189 391 4256 hcc
405 4192 527 4276 judicio
544 4191 660 4278 Anglis
674 4192 794 4256 nostris
811 4212 863 4255 er-
919 4192 1026 4256 vicina
1047 4191 1228 4275 scripsere,
1253 4191 1310 4276 qui
1333 4213 1446 4256 omnes
1469 4194 1502 4256 iu
1520 4194 1587 4257 sais
1608 4215 1662 4256 ur·

117 4311 194 4356 rnre
219 4289 307 4356 visus
327 4307 387 4357 est.
418 4297 462 4357 Et
488 4295 569 4356 mibi
592 4293 809 4372 condonabis,
834 4293 871 4356 si·
917 4293 1023 4371 bium,
1044 4313 1242 4378 regumque,
1265 4293 1420 4378 catalogis
1436 4295 1518 4358 nihil
1535 4297 1663 4359 Britan·

118 4392 228 4455 obiter
248 4392 335 4458 hunc
360 4395 480 4458 librum
506 4396 565 4458 tibi
591 4394 801 4473 commendo,
826 4407 863 4458 ut
918 4395 1385 4473 nicumeommemorasermrt,
1400 4396 1663 4480 quodameiuis·

116 4495 212 4558 nobis
236 4495 399 4561 illustrem
419 4497 568 4584 pluribus
588 4497 800 4573 editionibus,
826 4509 861 4560 et
917 4511 968 4560 set
985 4496 1262 4580 praetermissum.
1286 4497 1375 4591 Quid
1391 4497 1479 4582 quod
1495 4513 1529 4564 et
1549 4499 1662 4568 bume-

116 4619 135 4660 a
160 4597 266 4663 doctis
290 4601 427 4680 nostris,
462 4614 496 4664 ct
524 4623 542 4664 a
568 4599 611 4663 cl.
635 4597 859 4662 Bartbelemio
916 4620 973 4662 ros
990 4619 1066 4662 suus
1081 4598 1267 4663 commodat
1283 4599 1324 4660 cl.
1336 4599 1507 4680 Combius,
1529 4602 1585 4688 qai
1602 4623 1662 4666 nu·

116 4699 296 4766 laudatum.¹
322 4702 372 4764 lbi
395 4699 541 4766 notiliam
562 4701 741 4780 absolutam
766 4721 860 4784 prae·
916 4721 1016 4786 perus
1029 4719 1151 4785 praeco
1166 4701 1489 4780 museiHunteriaui,
1505 4725 1569 4789 quo
1585 4705 1661 4767 illu-

115 4803 218 4866 sentis
235 4803 430 4868 conditionis
447 4805 496 4867 rei
515 4817 645 4868 nostrae
664 4801 861 4866 numismati·
917 4802 1015 4867 stn'us
1031 4800 1198 4867 Britannia
1216 4822 1284 4866 non
1302 4801 1417 4880 habet,
1445 4805 1576 4868 unicum
1596 4807 1663 4872 Ve-
