4244 5484
197 4691 207 4726 t

404 450 477 536 „2
585 421 597 437 “
1045 425 1243 503 csrvr
1279 426 1325 500 r.

406 621 447 684 de
480 607 696 686 marmoribus
731 609 853 696 judicio
890 625 1020 673 mecum
1054 611 1151 694 plane

402 724 527 786 sentire
561 721 724 782 illustrem
754 713 943 778 Bimsrdum
975 715 1103 798 egregii
1133 737 1151 778 s

297 861 303 874 ·
404 822 542 888 scientis
560 819 713 904 lapidaria
733 815 887 891 numinis,
908 817 962 898 qui
978 830 1151 900 praetcrea

405 923 587 1008 carendum
614 933 726 984 mouet
750 919 790 984 ab
812 919 853 981 iis
873 917 1151 1002 inscriptionibus,

403 1025 643 1112 quas'quodssn
667 1038 816 1106 tempore
841 1021 960 1084 cruditi
986 1021 1064 1086 verli
1091 1041 1152 1106 per

403 1125 520 1212 jocum'
538 1123 780 1202 confinxerunt,
804 1139 871 1188 tum
893 1147 911 1188 a
936 1121 1045 1184 multis
1068 1123 1150 1200 aliis,

404 1235 466 1296 etsi
487 1249 601 1314 ,earum
624 1227 722 1290 iidem
751 1240 914 1290 testentur
935 1225 996 1294 siri
1019 1225 1149 1308 quidam

240 1323 245 1330 ’
303 1371 320 1396 a
401 1337 565 1409 illustres,
596 1351 634 1406 ac
664 1330 839 1416 praecipue
868 1327 1150 1410 Hispaniensibus,

267 1493 272 1506 .
401 1457 480 1521 quas
506 1455 601 1500 aerss
623 1431 765 1496 credidit
785 1431 847 1494 cel.
866 1427 1013 1492 Andreas
1024 1427 1150 1508 ,Schot-

399 1555 470 1612 tus,
499 1551 627 1602 etcum
650 1533 795 1598 Grutero
818 1531 1069 1597 communicavit
1085 1535 1126 1613 ⁵).

466 1637 647 1706 REGVLA
668 1639 724 1705 lV·
767 1639 955 1700 Doctriuam
983 1638 1080 1698 certis
1109 1653 1149 1696 ac

403 1747 544 1824 copiosis
567 1743 779 1804 osonumssstis
800 1741 962 1819 firmatum
983 1759 1051 1802 ,non
1074 1757 1149 1816 pos·

401 1858 477 1914 suast
506 1856 644 1908 euertere
668 1844 877 1906 adversantia
902 1835 1060 1924 quiedam
1084 1857 1150 1900 mo·
1175 1887 1180 1898 .

401 1959 553 2012 contenta
575 1951 638 2009 etsi
657 1957 765 2012 certae
784 1943 1009 2026 antiquitatis,
1032 1950 1064 2003 et
1083 1959 1149 2002 cer·

401 2062 435 2112 ta
459 2053 652 2112 auctoritate
673 2051 765 2110 sss'ra.

466 2153 525 2213 Eat
539 2150 619 2212 baec
636 2147 750 2229 regula
767 2145 874 2228 magui
887 2143 927 2207 sd
942 2155 1148 2228 praesentem

399 2253 500 2318 crisin
520 2249 689 2314 momenti.
734 2247 864 2312 Hubent
885 2247 1014 2328 singula
1037 2267 1148 2310 museo

398 2376 516 2418 numos
529 2403 532 2414 .
546 2351 773 2425 refractarios,
805 2350 861 2436 qui
882 2348 965 2413 nulli
988 2331 1148 2411 reas'csl·

322 2455 332 2464 ’
400 2459 477 2522 culo
508 2453 775 2528 adcommodant,
804 2471 911 2534 neque
939 2450 1046 2512 solum
1074 2447 1148 2512 sub·

400 2571 544 2632 aeratos,
577 2572 610 2620 et
638 2553 894 2630 semibarbaros,
925 2573 1006 2638 quos
1036 2553 1069 2616 vi
1095 2574 1148 2617 rc·

400 2663 496 2748 gulae
521 2663 560 2724 11.
584 2677 648 2720 nou
670 2678 744 2720 esse
767 2655 946 2724 audiendos
969 2655 1053 2733 disi,
1087 2655 1146 2718 sed

400 2765 536 2828 stallos
569 2759 659 2822 nullu
688 2757 812 2820 fraudis
840 2757 1028 2842 suspicione
1057 2771 1147 2822 nois·

397 2882 467 2942 tos,
497 2877 531 2926 et
558 2859 652 2926 nitidi
681 2863 866 2940 commatis,
895 2875 963 2924 tum
986 2874 1019 2923 et
1041 2862 1146 2924 omnis

398 2967 534 3038 metelli.
569 2963 762 3058 Quaeritur,
785 2985 867 3049 quae
891 2965 932 3026 sit
954 2962 1059 3024 bisin
1081 2965 1145 3026 boc

399 3069 548 3133 examine
593 3067 765 3130 tribuenda
809 3067 992 3132 auctoritas.
1046 3066 1146 3128 Anto·

371 3165 375 3174 ’
399 3192 495 3256 quam
519 3170 724 3254 respondeo,
747 3168 1089 3242 animadvertendum,
1111 3165 1160 3228 id'

399 3293 505 3358 genus
526 3294 642 3338 numos
665 3273 746 3336 alios
768 3291 842 3334 esse
863 3272 1064 3356 singulum,
1091 3283 1146 3332 aut

397 3397 474 3438 raro
496 3397 611 3438 eorum
635 3375 729 3458 plum
751 3375 782 3434 in
813 3374 932 3436 muscis
953 3373 1068 3436 baberi
1088 3394 1145 3436 cx·

341 3471 345 3478 ’
399 3477 572 3560 emplaris,
603 3477 684 3539 alios
715 3495 787 3538 esse
818 3477 950 3550 obuios,
982 3489 1016 3536 ct
1045 3475 1143 3558 vulgo

398 3579 560 3658 cognitus.
602 3580 727 3640 Prioris
767 3579 899 3660 pencris
936 3599 1053 3640 numos
1088 3596 1145 3639 rse-

399 3699 558 3764 quaquam
579 3678 709 3760 iniquus
730 3677 830 3774 judex
854 3677 1007 3752 videbor,
1031 3679 1057 3740 si
1077 3697 1144 3738 uso·

398 3779 596 3862 cetariorum
629 3780 744 3861 culpas
776 3777 966 3840 tribuendos
992 3779 1142 3855 edixere,

398 3899 536 3965 quorum
559 3879 637 3942 alias
660 3879 790 3962 cognita
819 3901 886 3944 nost
909 3901 984 3942 rsro
1007 3879 1143 3944 oscitan-

396 3983 458 4058 tia,
482 3996 516 4046 et
535 4003 672 4066 quorum
694 3979 882 4060 manifestos
901 3981 1009 4064 lapsus
1026 3983 1060 4044 in
1079 3983 1143 4046 sin·

397 4083 504 4168 gulsri
542 4105 645 4168 opere
682 4087 812 4167 aperuit
832 4085 1001 4162 ¹Erasmus
1036 4083 1142 4148 Frdli·

287 4259 296 4278 ,
393 4187 500 4252 chius.
540 4189 621 4250 Nam
641 4190 668 4249 si
688 4209 718 4251 s.
738 4208 765 4249 c.
784 4188 816 4248 iu
833 4207 932 4250 numu
948 4207 1051 4250 aeneo
1067 4189 1144 4250 Ata..

395 4287 511 4353 xsudri
549 4289 686 4364 Seueri,
727 4309 834 4374 eoque
876 4290 970 4353 nitidi
1009 4290 1142 4366 laboris,

384 4411 496 4474 quem
519 4391 597 4454 olim
626 4390 715 4453 edidi
731 4390 781 4472 b),
813 4393 940 4455 exarari
970 4395 1074 4476 potuit
1095 4394 1144 4453 in·

395 4493 532 4575 scriptio
565 4493 720 4576 hybrida:
764 4497 804 4578 P,
836 4497 882 4557 Μ.
913 4497 999 4558 RTl.
1031 4495 1143 4564 PAGI-

1208 609 1353 685 FERR,
1386 607 1479 696 isque
1501 607 1533 672 in
1557 607 1675 698 vulgus
1698 601 1797 690 mitti,
1828 617 1950 696 ποιοῖο,

1209 733 1268 777 cur
1290 731 1356 774 nou
1378 717 1480 792 seque
1504 712 1535 772 in
1559 711 1780 800 insculpendis
1802 737 1950 786 monetae

1208 813 1354 890 numeris
1372 815 1517 898 potuerit
1537 816 1699 898 obrepere
1720 839 1836 896 error,
1859 844 1951 905 prae·

1208 919 1306 1000 cipue
1324 936 1398 980 cum
1415 919 1447 978 iu
1468 917 1518 978 bis
1534 919 1793 1000 perscribendis,
1813 935 1849 984 ut
1865 923 1955 1007 pini.

1208 1021 1242 1086 lo
1264 1033 1339 1110 ante
1363 1019 1522 1116 disserui,
1553 1021 1656 1084 multo
1677 1023 1857 1108 prolixius,
1889 1028 1953 1092 ire·
2085 1052 2091 1081 ι

1209 1125 1425 1208 quentiusque
1457 1135 1625 1204 peccetur.
1673 1126 1836 1192 adhaec
1866 1150 1955 1194 erra-
2087 1116 2091 1161 t

1209 1239 1277 1288 tum
1300 1226 1396 1289 stiam
1417 1223 1610 1308 frequenter
1632 1248 1650 1288 s
1675 1231 1864 1294 monetariis
1882 1231 1954 1314 jun·

1208 1341 1260 1394 otu
1276 1348 1349 1390 cum
1369 1327 1523 1411 principis
1544 1327 1721 1413 cujuspiam
1739 1333 1847 1414 cspite
1863 1354 1955 1396 aver·

1206 1449 1258 1506 sa,
1287 1449 1369 1512 quae
1401 1429 1568 1492 luculente
1590 1444 1647 1491 est
1678 1431 1830 1510 alterius,
1861 1436 1954 1500 innn-

1207 1529 1476 1594 mers-babemus
1498 1531 1660 1614 exempla.
1706 1533 1870 1626 Quocirca
1898 1561 1954 1602 uu.

1206 1635 1252 1696 mi
1282 1633 1422 1710 similes,
1451 1633 1513 1697 etsi
1543 1657 1561 1697 a
1593 1634 1708 1698 fraude
1735 1636 1801 1699 sint
1831 1641 1954 1716 eximii,

1207 1747 1269 1798 tam
1305 1755 1420 1820 purum
1453 1735 1563 1800 vslent
1599 1757 1657 1800 sen
1693 1737 1734 1798 ad
1770 1737 1984 1822 taciendam,

1207 1835 1326 1914 fidem,
1366 1857 1425 1900 sess
1455 1839 1496 1902 ud
1526 1836 1748 1902 infirmandam
1779 1841 1953 1908 sdversam

1207 1939 1418 2016 senteutiam,
1450 1961 1543 2024 quum
1574 1963 1687 2024 perum
1716 1935 1841 2005 veteris
1868 1944 1954 2008 trau·

1207 2041 1256 2112 slis
1287 2043 1377 2110 numi
1406 2041 1586 2118 subaurati,
1618 2061 1690 2105 cum
1713 2045 1851 2126 perinde
1874 2068 1953 2112 sane

1206 2145 1266 2221 sit,
1295 2159 1403 2208 utrum
1434 2165 1550 2206 numus
1581 2145 1754 2208 monetarii
1782 2145 1883 2225 dolo,
1915 2170 1954 2211 an

1205 2246 1332 2312 incuria
1352 2245 1469 2308 fulsum
1493 2244 1620 2314 efferat.
1650 2248 1752 2324 Nori,
1774 2248 1872 2333 hujus
1892 2251 1955 2314 isr-

1205 2349 1252 2412 ris
1283 2368 1428 2412 mercem
1459 2367 1525 2410 uon
1555 2370 1649 2424 raro,
1682 2364 1717 2412 et
1747 2371 1845 2436 saepe
1875 2373 1953 2416 cum

1204 2450 1295 2514 bistss
1326 2449 1533 2534 apprebstsm
1564 2450 1604 2512 sb
1625 2449 1816 2530 Harduino,
1849 2455 1954 2518 Psare-

1204 2553 1269 2628 lio,
1300 2553 1437 2636 aliisque
1467 2553 1654 2630 nonnullis,
1685 2556 1840 2618 nimirum
1862 2558 1953 2641 quod
1982 2576 1986 2590 ¹

1204 2654 1424 2738 singularibus
1468 2655 1534 2718 suis
1578 2649 1748 2719 iententiis
1791 2657 1953 2732 laterent,

1205 2779 1283 2844 ques
1297 2778 1395 2824 nemo
1410 2757 1507 2832 clius,
1530 2771 1564 2819 et
1577 2755 1663 2822 forte
1681 2779 1722 2821 ne
1738 2758 1801 2842 ipsi
1817 2759 1952 2844 quidem

1204 2875 1354 2924 suctores
1376 2881 1470 2924 versa
1488 2860 1574 2924 forte
1592 2862 1787 2943 putaverint.
1831 2865 1875 2924 At
1897 2882 1953 2924 ve·

1203 2984 1259 3040 ro,
1290 2966 1346 3048 qui
1376 2980 1451 3024 sune
1480 2959 1685 3044 judicabunt,
1715 2981 1846 3026 mecum
1874 2984 1953 3026 coa·

1203 3063 1344 3128 sentient
1364 3085 1496 3140 omnes,
1524 3084 1655 3128 omnem
1677 3065 1744 3127 illis
1765 3065 1951 3151 negandum

1203 3169 1444 3242 auctoritatem,
1473 3179 1507 3228 et
1529 3165 1616 3251 quod
1638 3149 1736 3251 supra
1755 3169 1953 3252 pronuncia·

1202 3287 1334 3343 reram,
1365 3287 1431 3329 non
1462 3289 1559 3351 possa
1592 3283 1744 3332 evertere
1768 3268 1950 3332 doctrinam

1202 3369 1302 3434 certia
1322 3384 1358 3432 ct
1380 3371 1522 3453 copiosis
1543 3369 1615 3432 'aliis
1638 3371 1854 3433 monumentis
1873 3391 1952 3434 con·

1202 3471 1370 3535 firmatam.
1414 3473 1562 3536 Alterum
1585 3495 1709 3557 genus,
1733 3491 1769 3539 ut
1790 3473 1876 3545 disi,
1899 3486 1953 3536 est

1201 3595 1317 3638 eorum
1348 3593 1539 3651 numerum,
1573 3577 1629 3658 qui
1659 3597 1726 3640 nen
1755 3574 1953 3658 singulares,

1201 3677 1259 3740 sed
1276 3675 1534 3761 frequentiores,
1551 3677 1630 3760 quin
1646 3697 1742 3761 saepe
1757 3676 1847 3740 obvii
1863 3691 1950 3751 sunt,

1201 3799 1238 3842 sc
1262 3779 1346 3855 triti,
1370 3793 1404 3841 et
1423 3777 1590 3842 doctrines
1609 3793 1718 3844 cetera
1736 3777 1843 3841 solide
1861 3798 1951 3840 com·

1200 3881 1358 3964 probatas
1385 3895 1582 3966 repugnant.
1626 3883 1678 3942 En
1708 3879 1768 3943 tibi
1796 3881 1950 3964 exemplu

1200 3984 1341 4067 aliquot:
1373 3984 1406 4043 in
1438 3982 1588 4066 pluribus
1618 3984 1838 4048 monumentis
1870 3983 1952 4045 soti·

1200 4085 1272 4170 quis
1310 4085 1433 4167 legitur
1473 4085 1645 4148 Commodi
1686 4087 1762 4150 trib.
1804 4097 1951 4168 potestus

1200 4187 1336 4262 xviii,
1369 4207 1451 4270 quae
1473 4201 1579 4250 tumen
1604 4189 1729 4251 auctior
1754 4201 1820 4260 est,
1851 4207 1949 4268 quem

1201 4303 1236 4351 ut
1254 4309 1323 4352 eam
1343 4289 1376 4350 in
1395 4309 1588 4374 quacunque
1610 4290 1769 4353 sententia
1789 4291 1946 4353 hactenus

1200 4393 1329 4476 cognita
1360 4393 1506 4476 potuerit
1536 4413 1721 4456 numerere.
1773 4395 1809 4454 lu
1840 4393 1947 4452 cumis

1200 4493 1339 4557 Macrini
1362 4493 1466 4562 obviis
1488 4495 1610 4578 legitur
1632 4498 1702 4560 TR.
1719 4495 1813 4559 1².1t.
1830 4491 1944 4566 COS„

403 4625 1939 4670 -ss——h-—m

429 4698 462 4764 n)
484 4695 515 4753 Β.
536 4695 568 4754 t.
589 4695 670 4770 Tora.
691 4697 755 4760 ΧΗ.
775 4701 860 4761 lllem.
880 4722 910 4780 p.
930 4711 993 4776 390.

1093 4703 1128 4778 b)
1148 4703 1234 4764 Num.
1254 4717 1303 4766 nat
1331 4723 1363 4784 p.
1382 4717 1445 4772 ssu
