4244 5484
482 444 570 521 DE¹
592 437 966 518 TRIBVNI'FIA·
992 438 1368 534 POTESTATE.

158 655 231 698 rnnr
253 631 449 700 anctoritate
470 627 586 691 Dionis
614 623 762 688 docentis
784 624 904 688 eodem

158 741 253 812 loeo,
276 746 431 817 coeptum
454 707 514 791 sub
537 731 662 792 Severo
684 747 831 804 morem,
853 746 906 787 re-

157 853 350 920 tentumque
372 833 435 898 tub
452 829 636 906 Caracalla,
660 841 712 905 ut,
734 827 791 912 qui
812 819 914 921 orna-⁸

159 955 271 1004 menta
300 935 483 1012 consularia
510 931 647 1015 adeptus
676 929 800 1006 iuerat,
831 947 905 992 cum

158 1041 302 1108 subinde
322 1037 433 1121 reipsa
454 1034 569 1098 consul
590 1031 809 1116 procederet,
823 1051 908 1104 ‚con-

157 1145 213 1208 sul
235 1145 354 1207 iterum
376 1139 558 1212 diceretur,
587 1133 646 1200 sed
668 1135 765 1198 etiam
786 1134 907 1198 invicto

152 1245 356 1315 testimonio
370 1223 564 1320 rumorum,
587 1237 642 1322 qui
660 1257 735 1300 eum
755 1236 909 1320 frequen-

159 1364 219 1412 ter
230 1347 336 1411 adltuc
350 1345 383 1408 in
397 1325 561 1404 tribunatu
576 1340 725 1423 simplice
738 1339 908 1401 consulem

158 1451 341 1534 appellant.
374 1446 418 1508 At
439 1443 619 1508 Macrinum
642 1461 728 1506 anno
750 1455 909 1525 sequente

157 1553 367 1635 p71¹retera
388 1547 590 1634 processisse
611 1545 798 1620 consulem,
817 1561 911 1627 prae·

159 1669 220 1718 ter
241 1653 399 1727 Dionem,
420 1649 477 1732 qui
500 1649 571 1729 ejus
591 1645 716 1728 pariter
738 1648 909 1730 conlegam

160 1755 349 1821 Adventum
371 1749 497 1835 prodit,
520 1760 678 1811 testantur
701 1749 798 1810 etiam
819 1748 911 1812 numi

160 1857 311 1941 copiosi,
341 1855 375 1916 in
400 1853 517 1936 quibus
543 1849 658 1915 consul
682 1851 722 1910 ll.
746 1849 908 1934 proditur.

161 1958 266 2052 Quod
284 1958 312 2022 si
330 1958 364 2020 in
382 1951 549 2038 plerisque
569 1952 660 2015 fastis
678 1952 833 2014 consules
853 1952 909 2014 bu·

149 2061 217 2144 ,jus
235 2059 313 2124 anni
332 2049 555 2119 memorantur
573 2053 770 2128 Antoninus,
795 2067 827 2114 et
846 2051 911 2116 Ad-

161 2177 302 2237 ventus,
324 2159 415 2224 istud
427 2177 501 2220 cum
517 2155 751 2231 Tillemontio,
773 2153 909 2239 aliisque

160 2257 265 2326 lacile'
283 2281 325 2324 ex
343 2261 452 2324 Dione
475 2257 708 2344 explicabitur,
732 2270 910 2334 asserente,

162 2351 380 2450 Elagabalnm
406 2381 501 2425 eraso
523 2381 565 2424 ex
589 2359 679 2422 fastis
697 2358 836 2420 Macrini
849 2345 911 2420 'no-

162 2469 258 2530 mine
282 2483 376 2528 suam
397 2465 498 2550 ipsius
523 2481 644 2524 nomen
671 2459 711 2522 ad
735 2460 911 2522 notandam

164 2570 246 2632 anni
262 2569 357 2650 hujus
375 2565 577 2630 consulatum
594 2562 788 2637 inseruisse,
809 2575 846 2622 ut
864 2561 912 2622 di·

160 2683 264 2734 cetur
282 2669 316 2730 in
338 2669 528 2750 Elagabalc.

232 2775 340 2847 Haec,
364 2787 445 2854 qaae
467 2767 510 2829 de
532 2763 763 2838 tribunatibus,
786 2775 819 2825 et
837 2781 914 2825 con·

164 2874 326 2940 sulatibus
348 2870 486 2934 seorsim
505 2867 642 2951 sumptis
659 2866 855 2942 memorati,
877 2878 914 2927 ut

162 2977 259 3041 belle
281 2993 317 3039 te
337 2975 473 3049 babent,
506 2985 614 3034 tamen
638 2959 767 3052 utrique
791 2987 913 3044 secum,

162 3093 203 3142 nt
234 3089 384 3162 oportet,
415 3075 560 3139 contenti
581 3091 646 3134 uon
670 3071 819 3152 exiguam
843 3090 912 3133 cre·

163 3195 225 3246 ant
254 3179 456 3257 molestiam,
490 3189 525 3240 et
554 3175 812 3258 qualemcunque¹
841 3193 914 3235 sen·

160 3281 305 3348 tentiam
347 3291 514 3343 exercent.
557 3279 639 3338 Nam
682 3295 757 3339 cum
799 3275 913 3338 consul

163 3383 372 3474 processerit
390 3380 464 3445 Kal.
487 3381 553 3443 lan.
574 3381 615 3448 V.
635 3379 671 3441 C.
693 3397 774 3460 971,
817 3392 929 3458 atque·

1630 395 1712 544 aaa

962 646 1004 691 ex
1015 643 1064 691 eo
1082 623 1153 700 die,
1176 628 1374 691 ornamentis
1397 626 1622 692 consularibus
1643 647 1709 710 pro.

962 749 1060 806 tero,
1080 741 1117 790 ut
1138 728 1221 804 dixi,
1244 731 1412 794 consulatu
1436 731 1570 808 habitis,
1599 730 1704 794 dictus

961 829 1063 894 fuerit
1084 831 1199 895 consul
1221 833 1278 909 ll.,
1300 853 1437 897 necesse
1459 848 1526 912 est,
1549 832 1705 916 deinceps

963 935 1164 998 consulatum
1208 934 1392 1023 simplicem
1434 935 1543 998 locum
1577 935 1706 998 babere

964 1057 1030 1099 non
1067 1053 1174 1119 posse.
1218 1035 1342 1102 Verum
1381 1037 1523 1110 omniunt
1560 1041 1708 1110 manibus

964 1149 1116 1200 teruntur
1130 1135 1219 1198 numi
1235 1136 1398 1219 inscripti:
1423 1141 1491 1202 TR.
1506 1141 1542 1204 Ρ.
1557 1143 1597 1204 ll.
1612 1143 1707 1208 COS.

965 1241 1043 1305 Sive
1066 1239 1142 1304 trib.
1163 1249 1357 1323 potestatem
1379 1241 1477 1303 natali
1499 1227 1644 1326 imperii,
1668 1247 1708 1308 si·
1745 1280 1756 1288 ·-

966 1363 1006 1406 vs
1026 1341 1100 1404 anni
1119 1341 1281 1424 principio
1300 1343 1446 1404 iteratam
1462 1352 1602 1420 statuas,
1626 1367 1709 1424 sena·v

953 1463 1042 1527 per,
1065 1455 1100 1504 ut
1118 1442 1225 1520 vides,
1247 1445 1444 1527 repugnabit
1460 1444 1554 1510 COS.
1571 1449 1710 1528 simplex

967 1567 1041 1610 oum
1059 1545 1225 1610 tribunatu
1246 1547 1288 1612 ll.
1311 1545 1528 1628 conjunctum.
1572 1549 1709 1614 Factum

968 1660 1137 1724 tenemus,
1167 1662 1265 1732 atque
1286 1647 1374 1709 istud
1393 1669 1457 1710 non
1481 1647 1579 1713 modo
1603 1655 1709 1716 numia

968 1749 1090 1828 obviis,
1119 1749 1177 1812 sed
1207 1765 1241 1812 et
1266 1749 1350 1812 binis
1372 1753 1544 1814 Muratorii
1572 1775 1710 1817 marmu-
1777 1753 1787 1764 ’

966 1851 1056 1914 ribus
1073 1855 1101 1934 ¹)
1125 1855 1366 1930 confirmatum,
1396 1854 1429 1914 in
1461 1855 1577 1938 quibus
1608 1857 1710 1920 omni·

967 1953 1027 2014 bus
1049 1954 1207 2036 suspicari
1228 1955 1493 2032 monetarii,‚vel
1513 1957 1710 2040 quadratarii

967 2055 1109 2136 lapsum,
1146 2058 1354 2119 temerarium
1391 2077 1466 2121 sane
1505 2060 1602 2125 soret.
1646 2061 1711 2122 Nc-

968 2157 1111 2220 cesaario
1148 2157 1249 2240 igitur
1285 2158 1506 2242 quaerendum
1541 2159 1720 2246 effugium,-

968 2278 1042 2323 oum
1063 2279 1118 2320 res
1139 2259 1207 2341 ipsa
1228 2259 1377 2342 imperat.
1422 2259 1532 2354 Quare
1562 2283 1635 2324 cum
1666 2265 1712 2328 vi·

967 2361 1063 2436 deam
1085 2360 1119 2421 in
1147 2363 1254 2422 nuruis
1282 2362 1357 2423 anni
1385 2361 1425 2430 V.
1450 2365 1565 2446 0971
1591 2365 1713 2446 promi·

968 2483 1047 2525 acue
1069 2460 1169 2523 scribi
1189 2465 1260 2528 ΤΗ.
1280 2463 1317 2524 Ρ.
1338 2461 1507 2540 11.cos.,
1531 2479 1563 2527 et
1583 2469 1653 2529 ΤΒ.
1672 2467 1710 2530 Ρ.

968 2565 1009 2626 ll.
1041 2563 1136 2628 COS.
1166 2565 1225 2642 11.,
1262 2561 1341 2641 alia,
1373 2565 1493 2641 credo,
1525 2561 1712 2632 variationis

969 2662 1065 2746 liujus
1097 2683 1192 2726 causa
1223 2665 1347 2728 adferri
1375 2652 1505 2749 nequit',
1536 2689 1646 2751 quant,
1671 2671 1711 2732 ab
1797 2701 1801 2706 ·

969 2765 1041 2828 aliis
1077 2766 1265 2827 monetariis
1303 2783 1492 2829 ornamenta
1530 2772 1712 2835 consularia

968 2887 1031 2952 pro
1057 2884 1138 2930 vero
1165 2865 1337 2929 consulatu
1364 2867 1470 2930 habita
1499 2867 1616 2948 fuisse,
1645 2893 1713 2942 non

969 2969 1048 3031 item
1078 2968 1118 3031 ab
1149 2967 1230 3031 aliis.
1272 2969 1379 3037 Video
1410 2969 1595 3048 enimvero,
1626 2973 1712 3036 istud

969 3072 1075 3156 ipsum
1094 3071 1157 3152 jam
1180 3087 1264 3134 anno
1287 3071 1506 3153 praecedente
1528 3095 1545 3136 a
1569 3085 1712 3137 moneta·

970 3173 1028 3235 riis
1058 3172 1158 3234 fuisse
1190 3173 1415 3251 observatum,
1444 3173 1530 3258 quod
1559 3187 1595 3236 ut
1617 3175 1711 3258 plane

970 3275 1189 3356 intelligatur,
1222 3287 1270 3338 eu·
1286 3273 1418 3338 schema
1439 3263 1610 3338 rumorum
1635 3277 1710 3338 utri·

969 3399 1073 3464 usque
1096 3377 1179 3440 anni.
1222 3377 1362 3462 Legitur

232 3590 270 3652 tn
290 3584 396 3650 aaut·
418 3587 458 3654 v.
481 3585 517 3650 c.
539 3601 602 3668 970
623 3615 664 3628 -
685 3583 819 3688 -srn
842 3581 879 3644 P.
900 3580 936 3642 r.
959 3581 1000 3647 P.
1022 3583 1092 3646 vet:
1116 3583 1184 3644 un.
1208 3583 1245 3652 P.
1268 3579 1366 3646 eos·
1383 3579 1419 3641 r.
1441 3581 1477 3645 r.
1543 3560 1546 3566 '
1812 3671 1817 3681 ι

416 3689 458 3757 v.
480 3687 517 3750 c.
540 3706 598 3770 97¹
623 3717 666 3731 -
685 3715 739 3786 ·‘.
752 3685 821 3744 un.
836 3685 875 3749 P.
891 3683 930 3744 11.
948 3683 1044 3748 cos,
1057 3684 1096 3748 P.
1110 3684 1146 3748 Ρ.
1166 3684 1235 3747 vet:
1261 3685 1330 3745 un.
1344 3685 1381 3746 r.
1397 3686 1436 3745 11.
1454 3683 1548 3748 cos.
1564 3687 1603 3750 u.
1623 3688 1658 3746 r.
1675 3687 1711 3746 n

162 3897 280 3978 Atque
308 3891 391 3954 baec
417 3888 501 3954 ratio
531 3909 597 3952 nou
625 3887 659 3948 in
681 3884 843 3968 aliquibus
864 3904 915 3948 so·

163 3998 239 4060 lum
277 3995 399 4068 nemis,
434 3991 538 4076 iisque
568 3990 748 4052 rarioribus
780 3987 914 4062 obtinet,

164 4095 230 4161 sed
250 4097 455 4178 promiscue,
488 4105 522 4156 et
543 4111 648 4176 aequo
669 4089 742 4152 fare
765 4109 913 4152 numero.

164 4203 240 4274 En,
273 4197 335 4278 jam
363 4215 448 4264 anuo
470 4196 581 4278 priore
604 4195 637 4256 in
659 4193 730 4258 aliis
760 4193 913 4255 omissum

163 4299 289 4376 COS.,
325 4299 360 4362 in
390 4298 462 4361 aliis
492 4296 646 4360 additum.
689 4295 851 4358 Nimirum
882 4295 918 4356 bi

165 4403 259 4468 dicta
280 4411 470 4466 ornamenta
491 4400 524 4460 iu
546 4399 731 4460 consulatus
757 4397 916 4460 calculum

165 4522 352 4588 recepere,
375 4500 425 4562 illi
438 4503 634 4584 neglexere,
657 4514 691 4562 et
706 4499 793 4584 quod
811 4503 917 4583 sequi·

973 3900 1044 3962 tur,
1076 3886 1126 3948 bis
1145 3910 1161 3949 a
1180 3887 1340 3950 Kalendis
1364 3890 1429 3952 lan.
1456 3891 1529 3949 anni
1553 3911 1609 3973 97¹
1637 3890 1715 3953 scri·

973 3989 1114 4053 bendum
1137 3989 1197 4052 tuit
1220 3991 1314 4054 COS.
1339 3991 1397 4066 tt,
1435 3992 1499 4051 illis
1522 3991 1616 4055 COS.
1639 3993 1713 4054 sim-

973 4093 1060 4176 plex.
1083 4093 1126 4153 Et
1143 4114 1222 4158 voro
1243 4075 1382 4157 valuisse
1398 4105 1466 4154 tum
1488 4095 1609 4156 varium
1627 4093 1714 4156 istud

973 4193 1172 4268 institutum,
1202 4214 1267 4256 nen
1295 4191 1393 4254 modo
1416 4197 1520 4256 numia
1543 4195 1714 4270 evincitur,

973 4295 1034 4358 sed
1055 4309 1089 4358 et
1111 4296 1230 4380 insigni
1251 4296 1437 4359 testimonio
1458 4297 1573 4358 Dionis
1589 4295 1637 4378 b),
1661 4317 1715 4359 cu·

975 4397 1025 4478 jus
1056 4411 1179 4482 partem
1210 4397 1321 4482 paullo
1352 4419 1447 4481 supra
1480 4400 1631 4462 recitavi:
1664 4422 1714 4458 aar

974 4521 1021 4560 rer
1049 4523 1092 4584 μη
1123 4501 1279 4580 subruar,
1306 4496 1445 4582 'dsursgor
1473 4495 1508 4564 is
1534 4525 1578 4583 τῳ
1601 4497 1712 4564 ineam

1539 4657 1711 4676 κ

203 4722 238 4792 a)
257 4719 326 4798 Peg.
343 4727 408 4793 459.
429 4731 454 4777 t.
474 4727 503 4775 et
521 4735 588 4794 pag.
611 4725 690 4791 1993.
711 4731 737 4782 7.
837 4715 872 4789 b)
892 4717 924 4774 la.
944 4713 1104 4780 Lxxvttt
1124 4717 1212 4790 913.
1237 4731 1238 4736 ’
