4230 5490
253 509 259 520 .
384 493 430 556 ,ω
543 529 548 542 ,
659 505 663 510 -
874 455 1475 534 CONSTANTINVSM.
1507 397 1528 418 ⁶

388 655 443 742 qni
464 671 540 716 eunt
562 645 647 728 sotis
666 643 707 710 sd
731 657 834 728 usquo
858 602 944 706 astra
969 641 1130 719 extulere,
1187 641 1324 707 totidem
1347 641 1475 706 futuros
1497 635 1661 718 aemulos,
1692 653 1726 706 et
1747 619 1932 728 litigatores

371 741 476 822 Xsud
513 751 651 816 multum
687 746 873 810 abluturum
914 743 1016 808 fuisse
1056 743 1130 807 deo.
1187 747 1222 810 in
1243 759 1386 810 mutuam
1408 747 1533 808 ruinam
1555 751 1708 811 intentos.

390 861 473 924 Cum
503 852 698 936 supplicium
731 848 773 912 de
804 849 920 930 Crispo
953 844 1131 930 praestenti
1250 849 1384 915 onrl.
1408 854 1606 925 Minurus'no,
1630 845 1938 931 quamsliquioow

388 961 510 1026 virtute
538 957 624 1030 lilio,
653 966 687 1015 et
711 971 816 1014 uxore
843 951 959 1012 Fausta
983 947 1129 1031 sumpsit,
1188 949 1355 1028 cubinam,
1377 970 1443 1012 non
1464 970 1599 1013 uxorem
1623 949 1802 1032 legitimam
1820 964 1937 1011 censu·

389 1065 452 1126 etsi
467 1060 582 1124 saltem
597 1058 630 1118 in
647 1055 707 1118 hae
723 1075 764 1116 ex
782 1053 917 1128 merito
938 1063 1045 1112 tamen
1062 1050 1155 1113 sive'
1189 1072 1259 1118 ere.
1288 1053 1364 1114 Fuit
1382 1065 1485 1117 mater
1499 1051 1606 1134 Crispi
1622 1051 1779 1116 Caesaris.
1811 1051 1935 1112 Eunu·

389 1162 611 1233 crudelitatis,
634 1159 702 1220 sire
722 1154 908 1239 praecipitis
926 1151 1054 1216 consilii
1075 1171 1131 1214 no·
1189 1155 1251 1217 mis
1272 1168 1372 1218 caret.

388 1283 454 1329 tem
480 1265 552 1348 jure
578 1259 728 1334 abstulit,
761 1256 963 1337 multumque
993 1253 1132 1316 inferior
1251 1259 1344 1326 onr
1362 1257 1401 1319 11.
1432 1261 1555 1320 Fausto
1574 1253 1760 1318 Maximiani
1781 1251 1935 1318 Herculii

389 1371 437 1432 tt.
463 1365 600 1429 Aurelio
625 1375 676 1424 est
701 1359 845 1433 habitus,
875 1358 931 1441 qui
957 1354 1060 1418 filium
1091 1353 1132 1418 ad
1189 1359 1266 1422 filia.
1303 1361 1354 1422 De
1376 1357 1489 1422 liberis
1513 1378 1554 1422 ox
1576 1379 1615 1424 es
1636 1356 1795 1440 susceptis
1817 1370 1936 1440 agetur

391 1471 520 1534 seelera
536 1467 733 1552 proclivem
765 1472 799 1526 et
820 1457 957 1542 perditis
989 1457 1134 1520 moribus
1191 1462 1224 1524 in
1247 1459 1318 1545 ejus
1341 1462 1459 1526 rumis.

392 1593 529 1636 uxorem
557 1567 640 1628 tulit.
685 1563 782 1656 Quod
812 1561 937 1624 relictis
965 1560 1061 1626 eritis
1088 1581 1136 1622 ss·

391 1677 456 1738 uris
482 1671 662 1735 Christiana
687 1667 790 1748 palam
818 1661 986 1746 amplexus
1012 1676 1079 1737 est,
1101 1671 1137 1724 ut
1409 1669 1552 1729 NVMI
1587 1665 1724 1728 VAor

390 1773 632 1838 intolerandum
655 1765 741 1830 istud
771 1765 874 1830 risum
897 1777 990 1829 vetus
1012 1763 1137 1826 institu·
1193 1771 1234 1832 ob
1256 1788 1342 1832 ostno
1364 1771 1403 1831 V.
1427 1769 1460 1828 0.
1475 1774 1553 1832 {ost
1577 1770 1612 1828 1³.
1634 1769 1676 1828 Χ.
1690 1773 1753 1829 308
1774 1765 1821 1828 od
1843 1765 1880 1826 7.
1904 1765 1935 1824 C.

390 1889 462 1938 tum
486 1873 669 1960 professis,
684 1869 731 1932 sio
760 1866 909 1932 omnibus
936 1866 1134 1928 encomiisa
1415 1877 1496 1932 1090
1519 1870 1556 1931 Ρ.
1564 1869 1618 1936 ,.Χ
1640 1873 1713 1930 3³7.

393 1977 596 2043 Christianae
619 1970 699 2034 fidei
716 1967 894 2032 cultoribus
914 1965 975 2027 fuit
993 1966 1137 2030 celebra·

392 2093 478 2155 tum,
516 2076 575 2140 sed
608 2094 686 2158 quas
720 2069 832 2133 laudes
864 2067 1032 2152 eorrupit,
1062 2087 1135 2130 eum
1239 2070 1455 2168 Opportune
1473 2069 1536 2133 hoo
1556 2067 1631 2132 looo
1651 2059 1938 2132 commemoranda

392 2177 569 2266 postremis
599 2174 730 2258 imperii
757 2171 848 2234 annis
880 2170 1073 2252 theologum
1099 2191 1135 2232 sa
1194 2173 1315 2257 aliqua,
1338 2193 1421 2257 quae
1440 2172 1621 2256 generatim
1640 2173 1681 2234 sd
1702 2167 1939 2234 nonnullorum

393 2281 514 2362 magis,
537 2298 631 2360 quam
658 2277 890 2360 imperatorem
917 2272 1057 2334 ferendo
1083 2293 1138 2334 ex·
1194 2293 1383 2349 numerum,
1411 2295 1493 2358 quos
1524 2273 1578 2336 hie
1608 2273 1764 2336 articulus
1792 2267 1940 2350 comple·

393 2379 531 2446 cessisse
550 2377 680 2440 modum
698 2377 881 2452 rideretur,
904 2387 999 2456 atque
1018 2394 1058 2436 ex
1076 2373 1136 2436 heo
1193 2377 1310 2450 etitur,
1332 2389 1468 2440 aetatem
1491 2389 1627 2460 possunt
1649 2377 1828 2458 pertinere.

392 2481 604 2544 contentione
626 2478 712 2540 istud
738 2461 903 2539 obtineret
922 2475 1079 2559 denique,
1101 2487 1138 2536 ut
1255 2481 1279 2540 1.
1302 2479 1429 2540 Horum
1452 2480 1578 2560 aliquos
1601 2476 1779 2542 verisimile
1802 2485 1853 2536 est
1873 2471 1940 2552 jam

393 2585 432 2644 in'
462 2581 606 2655 celebri,
635 2599 725 2664 ¹quas
759 2592 827 2640 tum
863 2577 1058 2658 agitabatur,
1094 2577 1151 2640 de·
1193 2599 1277 2641 enno
1309 2581 1351 2648 V.
1384 2584 1420 2645 C.
1440 2579 1530 2641 'root
1563 2581 1601 2644 P.
1632 2581 1674 2645 X.
1701 2577 1763 2650 308
1793 2575 1938 2656 signatos

393 2683 516 2748 Christi
545 2679 711 2746 divinitate
741 2683 965 2744 controversis
990 2680 1053 2763 jam
1079 2679 1137 2742 Ca·
1192 2678 1311 2757 fuisse,
1351 2703 1416 2764 quo
1446 2701 1529 2744 anno
1560 2673 1805 2744 a'ldaximiano
1834 2680 1938 2739 Herc.

391 2785 607 2861 tholioorum,
628 2783 691 2863 jsm
717 2781 913 2844 Arianorum
938 2795 1047 2862 partes
1071 2799 1137 2840 am·
1194 2779 1317 2844 dictum
1346 2803 1419 2846 essa
1441 2786 1621 2864 Augustum
1649 2793 1784 2846 constat.
1826 2776 1940 2844 Valuit

393 2889 509 2970 plexus
523 2886 648 2950 neutris
662 2885 738 2946 satis
754 2883 888 2956 faceret,
903 2881 1040 2946 multum
1052 2879 1135 2944 adeo
1193 2881 1295 2966 igitur
1313 2886 1450 2967 Augusti
1471 2886 1583 2948 titulus
1599 2885 1661 2966 jam
1686 2897 1755 2945 tum
1781 2901 1847 2943 non
1869 2899 1941 2943 mo·

299 3000 304 3010 “
371 2987 559 3050 -tlissimilis
586 2985 648 3049 sibi
673 2983 819 3060 habitus,
856 2983 1005 3068 quinon
1032 2982 1136 3045 multo
1194 2981 1237 3046 do
1261 2985 1293 3046 in
1322 2987 1498 3069 provinciis
1523 2985 1741 3058 Constantini,
1770 2983 1830 3046 sed
1848 2979 1941 3043 haud

393 3105 466 3154 ante
487 3088 568 3152 datis
593 3088 716 3154 severis
734 3085 838 3150 literis
863 3086 987 3149 hortari
1012 3086 1137 3168 episoo-
1194 3085 1294 3150 dnbie'
1319 3089 1416 3150 etiam
1442 3088 1620 3162 Maxentii,
1646 3106 1765 3168 nempe
1788 3084 1879 3147 ltalia
1904 3097 1941 3144 es

391 3214 452 3276 pos
472 3211 609 3274 neeesse
634 3190 739 3265 duxit,
762 3199 797 3252 ut
812 3187 927 3271 (verbs
942 3201 1016 3252 sunt
1034 3188 1137 3270 ipsius
1192 3189 1314 3254 Airios.
1358 3191 1482 3260 Verum
1503 3189 1537 3252 hi
1551 3189 1641 3252 numi
1656 3208 1722 3251 non
1744 3187 1941 3270 dignoscun-

393 3293 612 3372 Constantini)
648 3295 688 3356 ab
715 3291 862 3352 inanibus
890 3289 924 3350 id
956 3311 1059 3372 genus
1090 3291 1137 3350 in·
1193 3303 1257 3355 tur.

393 3397 543 3478 eptisque
575 3377 835 3476 quaestionibus,
866 3411 947 3475 quse
973 3391 1136 3473 puerilem
1257 3395 1298 3456 11.
1320 3392 1487 3458 Creditum
1510 3392 1694 3466 nonnullis,
1717 3411 1832 3453 numos
1855 3389 1941 3453 Con·

394 3496 496 3580 tnagis
526 3493 701 3568 inscitiam,
736 3513 830 3576 quam
857 3493 1065 3555 sacerdotum
1090 3513 1139 3556 sa·
1194 3495 1341 3570 stantini,
1388 3495 1444 3580 qui
1480 3497 1607 3570 lovem,
1647 3495 1845 3568 Herculem,
1884 3503 1942 3556 aut

392 3603 466 3660 riam
494 3609 637 3660 mentem
665 3594 808 3675 sapiunt,
839 3594 1012 3675 nequead
1038 3594 1137 3656 totius
1195 3595 1258 3658 alia
1280 3595 1520 3680 superstitionis
1549 3609 1740 3679 arguments
1766 3606 1942 3670 ostentant,
1995 3601 2001 3612 '

392 3695 563 3780 religionis
588 3715 745 3756 summam
771 3693 972 3776 pertineant,
993 3695 1136 3777 aliquan·
1193 3697 1288 3760 feriri
1313 3698 1488 3774 desivisse,
1510 3719 1552 3762 ex
1576 3719 1641 3782 quo
1663 3701 1691 3760 is
1710 3697 1942 3761 christicolam

344 3827 354 3840 ·
393 3801 436 3862 «lo
465 3819 537 3860 sese
562 3795 764 3859 abstinerent
780 3797 819 3874 ¹).
843 3796 886 3856 At
911 3795 1136 3876 gravissimum
1194 3819 1268 3866 sese
1284 3799 1452 3884 professus
1469 3813 1534 3876 est,
1558 3801 1645 3884 quod
1661 3799 1782 3863 lactum
1798 3798 1941 3862 diximus

393 3899 594 3983 reipublicae
618 3899 733 3962 vulnus
753 3895 888 3972 inssixit,
909 3889 1062 3960 seucum
1079 3919 1138 3962 no-
1193 3921 1278 3964 auno
1307 3903 1344 3966 P.
1374 3903 1414 3962 X.
1443 3902 1519 3965 312.
1561 3901 1629 3964 Sed
1657 3899 1743 3964 enim
1775 3900 1809 3962 iu
1840 3917 1943 3962 numo

392 4025 463 4068 vam
482 3999 524 4066 ad
546 4000 780 4083 Propontidem
805 4000 942 4061 Romam
967 4003 1137 4078 exstruxit,
1194 4025 1291 4086 supra
1317 4005 1490 4086 ‚proposito
1520 4003 1705 4066 consulatus
1732 4003 1809 4079 tv..
1840 4021 1952 4084 quem.

393 4105 435 4169 de
457 4125 521 4190 quo
542 4114 658 4186 agetur
681 4103 845 4184 copiosius
865 4114 939 4184 post
957 4104 1138 4168 Constanti·
1193 4105 1287 4172 inivit
1304 4107 1341 4169 Ρ.
1361 4107 1400 4166 Χ.
1416 4105 1499 4180 3ι5,
1521 4106 1627 4170 sdlruo
1646 4111 1710 4172 Sol
1727 4109 1869 4167 invictus
1891 4125 1945 4168 eo-

394 4209 428 4270 ui
450 4220 611 4272 monetent
636 4201 677 4264 ad
701 4223 816 4268 numos
839 4202 1012 4284 inscriptos
1035 4203 1141 4268 CON·
1195 4229 1260 4288 ψει
1291 4209 1501 4290 proponitur,
1536 4220 1573 4270 et
1602 4207 1717 4272 eadem
1748 4205 1867 4270 deliria
1896 4207 1945 4268 le·

396 4295 770 4382 STANTINOPOLIS,
800 4325 858 4368 seu
884 4304 971 4388 quod
993 4324 1059 4366 non
1085 4305 1139 4368 ab·
1197 4329 1251 4392 gas
1279 4311 1376 4372 etiam
1406 4310 1438 4370 in
1465 4309 1570 4372 nnmis
1597 4309 1705 4392 Crispi
1730 4324 1764 4372 et
1786 4311 1944 4386 Constan·

397 4411 545 4472 sterritus
568 4407 755 4472 recentibus
781 4409 941 4490 exemplis
964 4408 1138 4490 imperium
1196 4411 1255 4470 tini
1289 4411 1450 4487 filiorum,
1490 4413 1545 4494 qui
1575 4423 1649 4496 anto
1683 4431 1802 4474 annum
1833 4411 1870 4471 Ρ.
1903 4411 1944 4472 X.

398 4515 485 4572 inter
504 4525 573 4572 tres
594 4507 681 4572 filios
703 4507 849 4594 duosque
871 4521 1008 4592 nepotes
1031 4507 1139 4574 divisit
1196 4511 1275 4592 317,
1302 4531 1367 4594 quo
1391 4513 1548 4580 Caesares
1570 4513 1673 4578 oresti
1696 4526 1789 4590 sunt,
1820 4513 1945 4598 signari

439 4729 469 4792 a)
488 4719 594 4778 Enaeb.
615 4719 644 4776 in
664 4717 731 4778 Vtts
751 4723 851 4779 Coust.
871 4720 902 4776 1.
923 4721 958 4780 11.
978 4740 1042 4798 esp.
1061 4724 1098 4788 σι
1114 4753 1150 4766 -
1168 4723 1213 4798 69.
