4244 5484
456 547 528 616 asu
813 519 973 626 carvr
999 517 1064 594 xl.
1097 513 1167 594 nn
1193 513 1356 630 earne·
1377 513 1443 592 nr
1470 513 1646 593 aurun.

455 707 660 796 Spartianus:
683 705 1073 788 Patrispulrr'asqrtcpua
1087 723 1201 768 nomen
1258 684 1431 766 evidenter
1445 697 1576 784 probari
1587 696 1728 792 nequit,
1751 696 1825 782 qnia
1837 695 1898 764 boe
1911 719 1979 770 aeto
2064 683 2065 690 ἵ

337 869 346 882 .
453 816 593 894 recepit,
617 801 661 902 ei
688 819 798 870 tamen
826 807 975 871 neutrius
1005 803 1089 872 illud
1111 806 1201 869 numi
1256 803 1408 892 plerique
1429 803 1573 867 illustres
1601 799 1838 886 imperatorum
1857 803 1934 866 tituli
1951 807 1980 868 in
2064 845 2065 864 .

453 915 666 1002 praeferunt,
708 909 772 974 etsi
801 899 947 987 constet}
982 908 1200 996 imperatores
1258 921 1388 984 moneta
1407 921 1460 970 aut
1477 925 1552 969 raro
1573 903 1730 990 prodire,
1751 917 1806 969 aut
1822 903 1912 994 plane
1934 929 1981 972 ne·

451 1037 556 1104 usqne
587 1013 629 1077 ad
658 1025 808 1098 tempora
839 1009 1031 1077 declinantis
1068 1009 1203 1096 imperii
1258 1007 1896 1094 gligiooepere.Tamencognomenturn
1907 1009 1979 1072 istud

451 1121 485 1184 in
509 1137 551 1184 eo
572 1129 725 1183 monetae
756 1113 967 1178 inscribendo
998 1113 1100 1178 fnisse
1121 1113 1199 1178 assi·
1256 1111 1362 1178 adhue
1378 1111 1500 1196 legitur
1513 1109 1664 1176 incertis
1679 1107 1869 1204 quibusdam
1888 1111 1979 1183 Theo·

453 1223 545 1288 tluos.
695 1203 705 1218 ⁶
1256 1213 1339 1279 dosii
1358 1217 1397 1276 ll.
1415 1214 1533 1279 numis.

513 1325 567 1385 Ex
585 1323 742 1384 hactenus
764 1317 921 1404 expositis
940 1315 1096 1396 vidimus,
1117 1316 1200 1384 vari-

450 1443 502 1488 am
525 1421 807 1508 imperstores'in
832 1421 1025 1505 recipiendo
1055 1421 1121 1484 boc
1143 1440 1200 1484 no·

449 1525 539 1589 mine
556 1525 668 1608 legem
685 1522 787 1588 luisse
806 1535 950 1590 secutos.
991 1523 1044 1587 De
1061 1523 1200 1609 sipgulis

448 1641 486 1693 ut
513 1647 615 1713 panna
646 1625 811 1702 dicantus,
849 1627 957 1688 statius
984 1625 1068 1694 illud
1099 1623 1200 1688 admi·

450 1748 526 1793 sere
569 1727 795 1802 Domitianus,
846 1727 979 1806 Nervag
1022 1729 1197 1806 Macrinus,

446 1829 664 1914 Elagabalus,
725 1827 931 1912 Alexander,
989 1831 1198 1909 Maximinus,

343 1937 350 1948 '
450 1933 639 1998 Gordianus
683 1933 729 2008 1..
786 1929 962 2009 Balbinus,
1018 1923 1196 2016 Pupienus,

447 2033 634 2098 Gordianus
662 2031 939 2118 lll.‚*Pbilippns
968 2045 1127 2118 uterque,
1163 2047 1198 2096 et

447 2149 637 2222 sequentes.
680 2131 891 2218 Aliquamdiu
923 2129 1082 2200 distulere
1114 2135 1198 2200 Cali-

448 2237 543 2324 μὴ,
575 2231 751 2313 claudius,
787 2237 898 2314 Nero,
938 2237 1049 2316 Titus,
1086 2237 1197 2320 Traic-

446 2359 527 2412 nus‚
556 2337 741 2400 Antoninus
761 2337 855 2414 Pius,
886 2337 1042 2405 Severus.
1084 2340 1128 2403 At
1150 2343 1196 2404 Μ.

446 2437 604 2502 Aurelius
631 2437 691 2501 illo
718 2456 821 2522 nsque
853 2437 893 2500 ad
915 2457 1034 2502 annum
1063 2439 1196 2526 imperii

446 2538 584 2601 circiter
603 2539 676 2606 XV.
711 2531 826 2602 carere
856 2537 984 2618 volnit3
1012 2541 1099 2604 unde
1122 2563 1196 2606 cau·

447 2663 517 2706 sam
540 2653 706 2717 tenemus,
737 2659 797 2702 cnr
817 2640 855 2701 L.
879 2643 987 2711 Verus
1005 2657 1195 2708 constanter

446 2743 549 2828 patris
572 2741 697 2825 patriae
721 2740 820 2805 titulo
843 2743 1004 2820 caruerit,
1040 2727 1195 2812 nimirum

448 2845 522 2930 qnia
547 2857 642 2908 autea
667 2857 815 2906 mortuns
839 2857 905 2923 est,
929 2866 1024 2929 quam
1048 2847 1107 2914 illo
1132 2853 1196 2916 Au·

388 2959 395 2971 ‘
448 2945 552 3008 relius
574 2945 645 3032 ipse
667 2946 716 3008 nti
742 2946 862 3032 coepit.
907 2944 1117 3040 Quapropter
1139 2941 1198 3012 mi·

383 3103 386 3110 .
447 3069 522 3112 runs
537 3047 710 3130 profecto,
733 3049 924 3125 Aurelium,
945 3050 1003 3132 qni
1026 3057 1074 3113 tot
1098 3075 1196 3118 anno·

446 3169 518 3212 rum
539 3150 676 3234 egregie
693 3149 786 3212 factis
804 3164 923 3213 nomen
937 3164 1000 3214 tam
1012 3154 1195 3234 gloriosum

448 3253 635 3335 promereri
661 3236 829 3325 studebat,
852 3251 934 3334 illud
958 3251 1027 3318 filio
1045 3258 1195 3320 Commo·

449 3355 569 3416 dorix
599 3377 757 3418 annorum
779 3343 873 3422 xvi!
893 3373 997 3438 puero
1028 3379 1090 3422 nna
1118 3380 1193 3422 oum

447 3457 588 3537 Augusti
604 3455 699 3518 titulo
715 3453 839 3516 deferri
858 3455 1054 3534 permisisse.
1099 3460 1195 3522 Cara·

445 3555 546 3618 callae
586 3569 620 3619 et
664 3557 767 3620 Getae
809 3557 882 3618 sivo
922 3572 1015 3642 patre
1052 3575 1191 3640 negatus

445 3657 525 3736 suit3
550 3676 661 3720 serum
680 3677 722 3720 eo
738 3659 898 3733 exstincto
917 3660 1090 3724 confestim
1105 3677 1193 3724 uter·

446 3777 510 3842 que
550 3761 703 3842 suscepit.
748 3759 901 3822 Tiberius
939 3776 1070 3824 secutus
1101 3761 1195 3844 inge-

1317 1355 1361 1424 Vt
1379 1353 1440 1417 viri
1457 1354 1595 1436 Augusti
1611 1351 1733 1438 passim
1751 1363 1858 1434 patres
1874 1353 1978 1434 patriae

1255 1470 1329 1520 sunt
1352 1455 1526 1542 appellati,
1556 1453 1604 1518 sic
1625 1468 1663 1518 et
1677 1455 1820 1517 feminae
1836 1453 1977 1536 Augustas

1256 1579 1487 1654 nonnunquam
1516 1558 1550 1622 in
1576 1557 1688 1624 numi·
1723 1568 1838 1624 matres
1859 1555 1975 1638 patriar.

1256 1661 1452 1744 Exemplum
1485 1662 1590 1744 prima
1629 1659 1780 1744 vulgarit
1807 1657 1892 1726 Liria
1925 1659 1975 1720 Au.

1256 1762 1341 1846 gusti
1357 1783 1456 1842 uxor,
1479 1763 1613 1850 quaein
1632 1763 1763 1838 nemis,
1785 1759 1976 1828 sedeamus

1256 1866 1295 1930 tis
1319 1879 1442 1931 tanturn
1465 1865 1657 1950 peregrini,
1689 1861 1857 1952 aliquoties
1878 1859 1974 1926 dicitur

1254 1967 1475 2038 AVGVSTA.
1492 1969 1664 2038 MATER.
1681 1965 1884 2040 ΡΑΤΒῙΑΕ,
1903 1962 1973 2046 quod

1254 2071 1288 2136 in
1318 2071 1380 2136 ban
1408 2069 1597 2158 nentiquam
1626 2067 1729 2135 valde
1757 2065 1888 2144 mirum,
1915 2084 1973 2127 cun

1254 2174 1288 2234 in
1308 2172 1414 2236 nnmis
1428 2172 1589 2238 Romulae
1609 2170 1768 2238 Baeticae
1782 2167 1901 2240 dicatur
1916 2165 1973 2238 GEe

1253 2277 1433 2342 NETRIX.
1451 2273 1596 2358 ottuts.
1638 2271 1731 2344 Vide
1761 2271 1874 2338 borum
1892 2268 1971 2332 omni·

1254 2401 1309 2442 um
1334 2399 1445 2444 ceusu
1472 2377 1508 2442 in
1529 2377 1600 2462 ejus
1622 2388 1769 2442 moneta.
1809 2376 1883 2436 Post
1906 2371 1970 2433 bane

1252 2482 1382 2568 Domus
1412 2478 1531 2548 Severi
1559 2491 1667 2546 mater
1683 2482 1813 2562 patrino
1836 2476 1868 2536 in
1885 2473 1969 2544 nuruis

1253 2598 1400 2653 roratur.

1314 2690 1452 2750 Praeter
1471 2682 1573 2768 patris
1592 2681 1725 2768 patriae
1748 2689 1969 2762 cognomentum

1251 2787 1395 2850 occurrit
1410 2787 1507 2850 etiam
1528 2785 1562 2847 in
1577 2787 1688 2848 numia
1709 2784 1853 2848 PATER
1868 2779 1969 2842 sulta-

1252 2892 1353 2962 Tus,
1368 2891 1496 2972 qualem
1511 2887 1684 2972 seprinrus
1701 2886 1781 2950 dixit
1791 2881 1967 2952 Commodus.

1252 3011 1349 3076 quent
1374 2991 1478 3054 secuti
1502 3005 1578 3052 sunt
1594 2989 1754 3054 Balbinus
1774 2999 1805 3050 et
1820 2985 1966 3072 Pupienus.

1252 3095 1320 3158 Sed
1338 3079 1376 3156 et'
1385 3089 1517 3160 Dumna
1532 3111 1609 3164 ausa
1626 3105 1733 3156 estse
1751 3091 1784 3152 in
1797 3086 1893 3158 unmis
1906 3086 1966 3146 tlt·

1252 3197 1348 3260 nrm
1366 3177 1526 3268 suumn·
1540 3187 1704 3276 profitear.
1800 3271 1804 3278 ι

1313 3339 1437 3426 Nomos
1454 3359 1629 3444 inscriptos
1643 3359 1794 3422 PATER
1806 3347 1965 3422 CASl'IlO·

1249 3461 1366 3538 EVM,
1395 3463 1447 3523 Vel
1473 3457 1771 3532 EXERCITVVM
1792 3459 1859 3524 esse
1873 3453 1964 3518 obvios

1250 3561 1331 3622 dixit
1359 3555 1639 3646 spanhemius'1),
1674 3582 1788 3632 uerum
1816 3558 1894 3622 unde
1919 3572 1963 3617 cot

1247 3661 1412 3740 hauserit,
1436 3685 1501 3726 non
1526 3664 1626 3730 addit.
1671 3663 1754 3730 tttitri
1780 3681 1851 3724 sane
1869 3660 1963 3720 horum

1247 3763 1358 3826 nullus
1374 3763 1634 3859 hactennspvisus
1649 3780 1726 3841 est,
1741 3775 1743 3780 '
1756 3777 1808 3828 sut
1826 3783 1863 3825 ex
1879 3760 1962 3841 cnjus-

444 3858 533 3919 ninm
566 3879 658 3922 suurn
681 3883 796 3946 parum
820 3862 1024 3924 ambitiosum
1043 3865 1104 3928 etsi
1124 3883 1191 3928 sae·
1237 3853 1333 3950 ¹piant
1355 3865 1477 3930 indicio
1494 3869 1655 3950 cognitus.
1699 3865 1794 3961 Quod
1808 3861 1962 3952 inscribere

445 3961 518 4043 pius
537 3959 681 4023 oblatum
697 3977 884 4026 constanter
905 3965 1077 4026 recusarit.
1099 3963 1191 4028 Haec
1249 3983 1399 4032 monetae
1425 3961 1645 4051 neglexerunt
1664 3969 1814 4054 Augusti,
1844 3975 1961 4028 tentatt·

445 4061 554 4124 omnia
584 4063 621 4124 in
656 4063 860 4146 singulorum
895 4065 1000 4128 numia
1038 4064 1190 4128 adcurate
1249 4084 1325 4132 runt
1349 4072 1534 4155 Augustae,
1557 4093 1691 4158 quarum
1712 4071 1817 4158 prima,
1834 4063 1981 4132 Faustina

446 4163 740 4248 comprobavimus.
785 4165 933 4230 Produxi
967 4167 1088 4228 seriem
1121 4179 1192 4232 tan·
1248 4168 1294 4232 tt.
1317 4169 1444 4236 Aurelii
1465 4193 1539 4236 sese
1558 4175 1670 4236 intulit
1696 4169 1853 4236 ostentatis
1872 4163 1958 4229 runis

446 4278 514 4336 tum
534 4285 636 4350 usque
664 4267 704 4330 ad
724 4267 912 4354 Philippos,
936 4269 1011 4354 qnia
1035 4254 1191 4353 deinceps
1241 4275 1317 4346 'suis
1337 4256 1411 4336 cunr
1435 4274 1615 4359 epigraphe
1633 4273 1779 4338 MATRI.
1800 4265 1958 4334 CASTRO·

404 4377 407 4384 ’
446 4367 698 4448 imperatoribus
728 4391 791 4432 una
822 4391 895 4432 cum
927 4370 1065 4452 Augusti
1093 4371 1190 4437 titulo
1247 4359 1362 4450 EVM,
1394 4395 1490 4458 qnam
1512 4377 1631 4440 deinde
1644 4377 1762 4448 imitata
1782 4388 1827 4436 est
1839 4371 1955 4454 Donum,

446 4467 544 4526 etiam
572 4467 656 4530 alter
673 4469 774 4549 patris
797 4471 920 4553 patriae
942 4471 1189 4539 viderurtuisse
1247 4475 1406 4560 aliaeque.
1448 4477 1589 4544 Praeter
1616 4479 1675 4541 bos
1705 4465 1955 4540 no'ti'snntnumi

342 4591 345 4598 ·
444 4563 617 4643 decretus,
646 4569 734 4650 quod
766 4571 897 4653 quidem
920 4575 988 4656 iam
1016 4597 1062 4640 ex
1081 4575 1189 4640 numia
1247 4577 1461 4644 Alexandrini
1490 4583 1707 4666 Augustarum
1737 4580 1803 4663 ejus
1829 4565 1892 4640 aeti
1916 4567 1954 4629 51¹·

444 4715 1942 4754 ··-··-—--·——-·-.--.--—--.-.-.......-----

480 4775 512 4844 a)
531 4773 615 4828 Tum.
634 4775 670 4836 lt.
690 4797 756 4854 pag.
777 4789 839 4843 451.
992 4755 1009 4772 ⁸
