4226 5500
574 613 651 688 AD
689 613 976 694 VOLVMEN
1013 617 1290 708 senatvm,
1593 649 1594 652 ’
1659 651 1704 717 st

160 797 263 863 genus
287 776 328 844 ab
346 777 497 856 Artaxia,
520 781 575 867 qui
595 783 772 850 deiecitsb
791 788 904 852 Antio·
958 792 1125 856 tarasriern
1154 793 1274 858 vocari.
1313 795 1366 879 (L.
1383 798 1421 860 11.
1450 817 1479 862 c.
1497 801 1566 883 aa.)
1604 803 1701 867 Hunc

159 883 223 944 eho
240 885 302 959 AL,
325 885 726 967 regnumque-Armeniae
745 889 903 958 fundarit.
961 895 1136 982 Tigranem
1157 896 1223 960 Dio
1243 895 1379 960 fratrem
1404 899 1574 964 Artabanis
1596 905 1705 986 appel·

158 985 213 1065 (L.
229 985 283 1048 XI.
299 1007 333 1068 p.
351 1007 393 1049 ιιι.
408 987 610 1067 804.)“ϋιιιιι
629 987 715 1054 sorte
737 992 901 1078 Appianus
923 1039 926 1049 ·
958 998 1022 1075 ist,
1042 998 1159 1061 melius
1176 999 1353 1062 seeundum
1373 999 1458 1064 dicta
1476 1002 1640 1068 Artaxias.

157 1085 336 1170 Tigranem
352 1089 398 1150 M.
417 1101 512 1152 vocat
534 1090 684 1172 Tigranis
708 1090 826 1171 lilium,
853 1095 902 1177 (in
1023 1103 1090 1163 lam
1121 1091 1265 1184 quae'ad
1288 1102 1514 1185 explicandum
1538 1104 1624 1168 hune
1647 1129 1705 1168 nu-
1773 1139 1792 1158 ··

158 1187 283 1272 Syrico.
302 1207 332 1254 e.
347 1191 418 1273 48.)
436 1188 496 1252 sed
511 1189 624 1270 fuere,
647 1191 703 1278 qui
721 1193 807 1259 hunc
827 1215 903 1280 pro·
957 1223 1047 1264 mum
1068 1203 1204 1286 propius
1224 1204 1399 1284 pertinent,
1422 1204 1562 1290 peteuda
1584 1227 1626 1268 ex
1643 1209 1704 1270 Ta·

155 1303 233 1374 pter
251 1290 369 1356 samm
388 1292 524 1354 nimium
550 1294 706 1358 incertam
731 1299 902 1382 negligen-
959 1304 1025 1368 cito
1053 1307 1117 1390 jam
1147 1325 1165 1366 ιι
1193 1304 1322 1368 Sestino
1353 1307 1522 1390 praeclare
1551 1305 1701 1373 indicata.

155 1391 233 1458 dum
258 1409 426 1478 putarent,
453 1415 534 1480 quos
557 1398 644 1460 iuter
662 1396 722 1460 icit
738 1401 900 1466 Reinerus
959 1411 989 1469 Is
1013 1405 1191 1490 postquam·
1205 1424 1367 1485 narasset,
1390 1409 1567 1496 Tigranem
1581 1409 1622 1471 als
1638 1409 1703 1472 Au·

156 1495 372 1574 lteineecius,
417 1518 514 1580 quem
553 1513 684 1562 secutus
722 1523 793 1564 sum
825 1493 914 1588 agos
959 1523 1053 1592 gusto
1075 1508 1250 1572 Armeniae
1274 1509 1373 1574 fuisse
1395 1509 1600 1594 impositum,
1630 1510 1704 1574 sub·

154 1597 231 1660 Fuit
263 1599 361 1662 etiam
384 1598 544 1683 Tigranes
566 1602 677 1686 Magni
703 1601 803 1682 filius,
833 1607 899 1688 pri·
957 1610 1044 1692 jicitt
1070 1613 1170 1694 (Anu.
1185 1614 1225 1677 11.
1240 1615 1286 1698 a)
1315 1611 1385 1676 Nec
1416 1615 1556 1697 Tigrani
1575 1617 1703 1678 diutar-

153 1721 242 1762 mcm
255 1701 289 1762 in
306 1715 432 1785 patrem
450 1702 541 1785 pius,
559 1700 678 1766 deinde
697 1705 823 1789 impius.
843 1709 899 1774 Vi·
956 1734 1034 1775 num
1054 1716 1227 1796 imperium
1241 1715 1336 1796 suit,
1363 1733 1466 1794 neque
1487 1715 1604 1777 liberie
1621 1715 1701 1795 ejas,
1826 1781 1833 1800 ,

152 1803 196 1866 de
218 1803 442 1868 Reineecium.
480 1805 598 1864 Utrum
620 1825 699 1868 rere
725 1805 759 1866 in
783 1809 898 1872 Arme·
955 1833 1154 1895 quamquam
1189 1817 1331 1876 sociatis
1367 1837 1457 1878 more
1490 1828 1628 1878 aeterno
1664 1817 1701 1878 in

150 1905 205 1966 nia
233 1907 436 1989 regnaverit,
478 1925 544 1967 non
575 1907 652 1968 satis
683 1925 895 1993 compertum.
954 1919 1205 1978 matrimonium
1221 1935 1432 1996 regnumque.
1458 1917 1588 1996 Deinde
1604 1916 1700 1996 jassa

150 2007 237 2068 Eum
257 2027 334 2070 saue
350 2006 437 2069 inter
452 2007 646 2086 Armeniae,
668 2011 782 2083 saltem
799 2013 898 2098 majo·
955 2018 1110 2099 Augusti
1127 2019 1305 2100 impositus
1323 2019 1551 2096 Artavasdes,
1575 2029 1610 2080 et
1634 2036 1700 2080 non

149 2108 214 2184 ris,
237 2127 337 2192 reges
362 2129 426 2172 nou
448 2129 609 2194 recepere
625 2133 733 2196 neque
755 2113 896 2180 Vaillun-
953 2123 1027 2183 sine
1042 2119 1137 2181 elude
1154 2131 1269 2180 nostro
1285 2119 1438 2198 dejectos.
1466 2120 1547 2182 Ίὶιιιι
1568 2120 1602 2182 C.
1620 2119 1699 2182 Cae·

148 2209 225 2285 tius,
243 2229 349 2294 neque
368 2210 551 2277 Brctierus.
568 2213 624 2296 (ad
644 2215 746 2277 Tacit.
765 2217 893 2280 Tomi.
951 2241 1010 2282 sor
1038 2221 1281 2304 componendae
1309 2224 1492 2284 Armeniae
1523 2219 1696 2302 deligituri

149 2332 184 2393 P·
200 2309 293 2393 365.)
951 2321 987 2383 Ιι
1004 2320 1261 2384 Ariobarzanen
1279 2323 1410 2403 origine
1427 2321 1565 2382 Medum
1587 2321 1627 2382 ob
1648 2323 1699 2384 in·

111 2413 115 2423 ’
214 2417 328 2480 Serius
350 2415 437 2476 inter
453 2415 630 2478 Armeniae
650 2435 748 2500 reges
770 2437 893 2478 memo·
950 2426 1076 2504 signem
1092 2423 1414 2507 corporisformom,
1435 2432 1470 2484 et
1486 2422 1698 2503 praeclarum

148 2531 241 2580 ratur
257 2519 338 2580 alius
358 2517 534 2600 Tigranes,
562 2537 659 2601 quem
679 2519 806 2580 omissis
820 2517 892 2579 aliis
951 2526 1100 2585 animum
1120 2524 1306 2585 volentibus
1329 2523 1504 2585 Armeniis
1522 2523 1694 2608 praefecit.

148 2619 256 2684 miuus
280 2617 379 2684 certis
408 2619 499 2682 lubet
520 2619 697 2702 Tigranem
718 2622 757 2684 11.
782 2619 893 2703 appel·
950 2624 1186 2686 Ariobarzane
1215 2637 1322 2686 morte
1341 2613 1495 2714 fortuito
1524 2625 1696 2706 absumpto

145 2722 238 2800 lare,
261 2735 295 2785 et
316 2722 356 2784 ad
373 2742 470 2806 quem
494 2743 611 2784 numus
634 2742 789 2805 praesens
806 2719 890 2782 haud
948 2727 1085 2806 stirpem
1102 2726 1173 2803 ejus
1187 2725 1279 2786 laud
1293 2727 1486 2800 toleravere,
1504 2735 1697 2806 tentatoque

147 2823 246 2886 dubie
263 2825 415 2906 pertinet.
451 2823 585 2908 Tigrani
601 2827 625 2888 1.
646 2827 762 2907 Magno
781 2843 891 2884 succe·
939 2826 1091 2912 firminae
1113 2827 1269 2908 imperio,
1294 2827 1351 2885 cai
1369 2845 1496 2887 nomem
1517 2827 1695 2904 ERATO,

145 2925 195 2986 dit
225 2923 312 2988 iilius
344 2925 557 3003 Artavasdes,
596 2945 694 3010 quem
730 2925 889 2986 Antonius
946 2945 1050 3004 eoque
1066 2926 1158 2988 brevi
1171 2927 1286 3010 pulsu,
1303 2927 1441 3001 incerti,
1460 2926 1641 3006 solutique,
1660 2939 1696 2990 et

144 3029 244 3091 Illvir
278 3028 393 3092 fraude
424 3029 681 3092 circumventum
711 3025 816 3110 cepit,
855 3037 890 3088 et
946 3030 1058 3110 magis
1081 3029 1152 3090 sine
1173 3031 1325 3101 domino,
1351 3047 1450 3105 quom
1470 3031 1506 3088 in
1525 3027 1692 3104 libertate,

145 3130 378 3193 Alexandriam
399 3128 551 3207 deduxit,
573 3145 687 3216 postea
705 3127 887 3208 interiecit,
941 3129 1121 3213 profirgum
1153 3131 1322 3190 Vononem
1356 3127 1534 3208 (Parthiae
1565 3129 1690 3212 regem)

144 3245 182 3294 ut
199 3245 310 3294 narrat
327 3232 479 3308 Tacitus,
499 3236 599 3314 (Ano.
617 3229 708 3295 1..11.
725 3251 752 3294 e.
766 3231 811 3313 3.)
829 3231 888 3294 setl
944 3233 981 3293 in
1001 3251 1136 3313 regnum
1154 3234 1333 3312 accipiant.

141 3333 209 3394 Dio
233 3347 306 3415 post
328 3335 456 3397 cladem
482 3335 645 3398 Actiacam
673 3357 691 3396 a
714 3335 887 3418 Cleopatra
1007 3332 1200 3395 Praeclarus
1226 3329 1280 3394 hic
1306 3349 1421 3392 namus
1444 3351 1508 3394 una
1531 3351 1605 3394 cum
1631 3331 1693 3394 Ta·

142 3457 275 3516 caesum
300 3437 414 3498 refert.
447 3437 502 3519 (L.
520 3439 574 3500 LI.
593 3445 619 3515 t.
635 3438 682 3514 5.)
724 3435 804 3520 Ejus
829 3457 887 3496 nu·
944 3432 1001 3496 citi
1015 3433 1124 3497 serbis
1137 3434 1273 3496 collatus
1289 3454 1353 3495 non
1369 3453 1469 3516 pauca
1485 3453 1545 3495 nos
1562 3431 1690 3496 edocet.

141 3559 231 3600 mum
262 3559 359 3622 supra
392 3537 478 3601 dedi.
518 3539 624 3600 Patris
655 3557 794 3621 regnum
821 3537 888 3600 adit
943 3535 1073 3598 Dicitur
1094 3537 1196 3598 Erato
1219 3535 1308 3619 regis
1334 3533 1485 3618 Tigranis
1513 3537 1691 3612 soror,'et

141 3641 230 3703 iilius
252 3639 420 3716 Artaxias,
443 3658 507 3722 quo
529 3661 591 3724 per
618 3639 729 3705 dolum
756 3645 888 3728 propin·
944 3637 1124 3702 verisimile
1141 3637 1248 3722 plane,
1264 3638 1363 3700 fuisse
1378 3651 1412 3701 et
1428 3637 1600 3720 conjugem
1614 3657 1688 3699 eum

141 3761 280 3824 quorum
302 3741 427 3819 occiso,
454 3755 489 3803 ut
507 3741 625 3804 eodem
641 3744 715 3807 loeo
734 3745 887 3829 perhibet
945 3739 1073 3803 adserat
1089 3740 1238 3814 Tacitus,
1255 3739 1287 3800 in
1305 3740 1455 3824 Tigranis
1479 3753 1576 3824 gente
1595 3757 1687 3802 more

141 3843 292 3920 Tacitus,
332 3843 498 3926 Augustus
523 3844 564 3908 V.
583 3844 619 3908 C.
647 3845 710 3928 734
734 3849 767 3908 in
793 3848 886 3932 Syria
945 3855 1082 3905 externo
1098 3861 1170 3904 cum
1187 3839 1354 3902 sororibus
1371 3843 1490 3906 sociata
1507 3842 1606 3904 luisse
1624 3863 1689 3904 me·

140 3945 267 4028 degens
285 3945 449 4008 Armeniis
465 3945 641 4027 Tigranem
658 3948 832 4030 praefecit,
852 3963 886 4014 et
942 3943 1132 4006 trimonium
1158 3963 1374 4027 regnumque.
1413 3945 1504 4027 Ergo
1528 3943 1687 4026 Tigranes

138 4067 202 4130 per
226 4045 397 4108 Tiberium
418 4047 586 4109 Neronem
615 4048 648 4108 in
666 4069 804 4133 regnum
830 4051 887 4114 de·
943 4065 1033 4108 suam
1050 4059 1083 4108 et
1100 4065 1248 4108 sororem
1267 4061 1300 4108 et
1315 4045 1489 4128 conjugem
1507 4043 1540 4104 in
1556 4058 1686 4108 moneta

139 4147 323 4212 ducendum
343 4149 477 4214 curavit.
507 4148 598 4210 Idem
616 4150 721 4213 refert
735 4153 809 4232 Dio,
829 4153 885 4235 (L.
943 4147 1098 4212 sociando
1125 4145 1213 4210 idem
1240 4147 1335 4223 feeit,
1367 4145 1454 4228 quod
1479 4145 1583 4210 multo
1609 4159 1683 4209 ante

137 4251 225 4319 LIV.
245 4253 272 4328 §.
292 4249 338 4333 q.)
361 4248 467 4312 sedin
483 4251 649 4312 nonnullis
665 4254 777 4320 variat.
806 4255 885 4319 Cas·
941 4271 1040 4336 reges
1066 4249 1222 4334 Aegypti,
1252 4261 1286 4312 et
1308 4249 1412 4311 serius
1435 4249 1683 4332 Commagenes.

138 4351 167 4414 si
181 4351 351 4428 Artaxiae,
366 4363 400 4413 et
418 4351 568 4434 Tigranis
588 4351 628 4414 ab
647 4354 794 4437 Augusto
808 4377 885 4420 con·
942 4355 1059 4416 Narrat
1079 4352 1225 4429 Tacitus,
1254 4351 1429 4414 Armenios
1453 4349 1688 4412 Ariobarzanis·

137 4453 242 4515 stituti
256 4453 346 4536 regis
362 4453 509 4516 meminit
526 4453 622 4517 etiam
640 4471 883 4520 monumentum
940 4455 1062 4516 mortui
1080 4453 1232 4536 stirpem,
1255 4451 1341 4515 haud
1359 4453 1474 4530 dubie,
1496 4451 1569 4534 quia
1588 4471 1684 4533 pere·

138 4557 356 4638 Ancyrancm.
381 4555 553 4636 (Chishali.
571 4555 645 4618 Ant.
662 4558 737 4620 Asia
751 4579 782 4640 p.
798 4562 883 4640 175)
942 4555 1034 4641 grina
1063 4553 1158 4629 feeit,
1188 4577 1252 4617 non
1286 4557 1454 4618 tolerasse.
1490 4554 1680 4621 Verisimile

138 4657 250 4750 Quare
284 4655 421 4735 mirum,
451 4679 567 4740 regem
592 4659 678 4721 hune
708 4659 882 4723 aTiberio
941 4677 1127 4741 ergo,-eos
1152 4657 1335 4742 respexisse
1361 4659 1478 4734 Erato,
1506 4655 1679 4718 mulierem

137 4758 314 4840 Armeniae
347 4757 533 4843 impositum
567 4783 584 4824 a
612 4761 731 4828 Veieio
768 4776 882 4825 contra
939 4759 1217 4846 quidem,tamen
1236 4759 1341 4843 gentis
1360 4779 1452 4834 suae,
1476 4771 1509 4819 et
1527 4757 1678 4841 Tigranis

138 4861 282 4924 omnium
305 4858 404 4924 fidem
426 4851 491 4924 non
514 4861 708 4948 Tigranem,
729 4863 799 4928 ‘seri
820 4865 881 4928 Ara
936 4859 1045 4925 fratris
1072 4882 1219 4925 uxorem.
1254 4863 1305 4922 Ex
1334 4859 1397 4923 hue
1426 4859 1546 4928 iterum
1578 4881 1678 4922 nanno
