4226 5500
494 641 496 646 .
565 662 566 668 a
603 591 683 680 an,
715 541 1003 667 vonviuun
1037 589 1358 684 scamnum,
1713 608 1759 682 aa

213 759 268 825 ta
294 783 460 840 nonnemo
489 781 551 826 scs
574 777 744 846 ausonios,
774 765 894 846 ξυλειας
922 785 958 824 ns
1014 756 1267 840 nitaolumnae',
1292 783 1505 847 superquam
1522 767 1682 834 ansatas
1697 749 1775 832 tec·¹

212 867 336 940 πληθος
356 869 539 941 manando».
569 865 624 948 (L.
641 869 714 936 vll.
732 869 766 930 in
784 868 876 948 dine.)
905 867 958 926 De
1016 878 1087 928 tum
1102 865 1294 946 projiceret,
1314 885 1359 929 ea·
1367 867 1619 947 prevalentibus
1632 871 1761 934 tobssla·

212 963 425 1031 Praetextato
459 967 519 1032 sub
559 969 787 1036 Valentiniano
814 973 839 1035 Ι.
867 966 958 1030 urbia
1016 969 1073 1029 tis.
1102 966 1212 1028 Fuere
1235 985 1316 1049 ergo
1338 967 1420 1034 haec
1445 971 1613 1035 Maeniana
1627 971 1762 1038 solorio·

211 1067 385 1154 praeiecto
401 1084 510 1134 namet
523 1071 725 1150 Ammianus,
742 1073 798 1156 (L.
809 1071 958 1150 xxvn.)
1015 1089 1089 1131 rum
1112 1069 1275 1153 quoddam
1296 1088 1416 1152 genus,
1447 1089 1529 1156 quae
1546 1086 1579 1136 et
1594 1093 1655 1136 nos
1669 1093 1762 1138 orna·

213 1191 289 1236 enm
312 1173 499 1236 Maeniana
515 1175 693 1238 sustulisse
714 1177 837 1248 omnia,
847 1173 961 1256 sadri-
1017 1170 1121 1233 menti
1132 1185 1165 1234 et
1173 1170 1336 1234 commodi
1344 1192 1438 1235 cauea
1447 1171 1581 1238 aedibus
1596 1193 1695 1259 saepe
1709 1172 1762 1238 ad-

215 1278 288 1338 nati
311 1275 440 1337 Romae
458 1277 580 1355 priscis
601 1295 728 1356 quoqne
753 1280 859 1339 vetita
879 1275 963 1357 legi·
1017 1271 1161 1354 jicimns,
1185 1288 1219 1337 et
1239 1293 1281 1336 ex
1295 1273 1465 1337 Gallomam
1488 1273 1599 1359 lingua
1615 1277 1763 1340 Balcons

211 1375 285 1440 hus.
320 1376 395 1440 Non
413 1373 543 1454 dubito,
566 1375 960 1440 Maenidnoromnomina
1018 1375 1228 1458 appellamus.
1260 1377 1303 1436 Aa
1325 1376 1400 1458 quia
1418 1376 1499 1441 haec
1524 1377 1649 1444 Romae
1670 1378 1762 1462 ligno

208 1468 354 1562 intelligi
371 1476 407 1540 id
421 1477 542 1563 ipsum,
571 1478 658 1566 qaod
676 1482 740 1543 hoo
759 1479 836 1544 loco
853 1482 961 1546 Hero-
1017 1478 1213 1562 plenumque
1231 1476 1427 1557 constitere,
1445 1491 1482 1542 ut
1501 1492 1641 1563 arguunt
1660 1477 1762 1546 verba

211 1577 326 1643 dianus
341 1580 473 1662 ligneas
482 1583 690 1664 projecturus
704 1595 809 1648 vocat.
828 1581 883 1646 Ait
896 1577 960 1645 1²0·-
1018 1580 1131 1660 signa,
1152 1581 1309 1656 materia,
1334 1580 1504 1657 tabulata,
1525 1592 1598 1643 orto
1615 1579 1702 1643 forte
1715 1580 1763 1642 in·

210 1694 279 1746 otus
307 1679 383 1764 (aab
408 1681 627 1764 Maenianis
658 1684 845 1748 Maeniana
869 1686 959 1748 aedi·
1017 1679 1136 1744 cendio
1160 1678 1314 1743 idoneum
1329 1678 1424 1742 fuero
1437 1675 1575 1746 flammis
1591 1681 1762 1766 pabulum3

199 1781 289 1869 ficia
305 1803 328 1846 a
344 1783 484 1848 Maenio
505 1797 586 1849 sant
601 1787 771 1870 appellata
779 1807 791 1867 3
822 1789 854 1849 is
868 1787 958 1848 enim
1016 1779 1223 1865 juramen,
1256 1779 1365 1844 nteit
1401 1779 1608 1861 Ammianus,
1645 1783 1762 1886 priscis

206 1887 336 1966 prtinus
358 1887 451 1949 ultra
476 1887 648 1952 columnas
671 1888 824 1951 extendit
844 1889 958 1972 tigna,
1018 1903 1149 1969 quoque
1167 1881 1298 1968 legibus
1318 1882 1428 1949 vetita.
1447 1882 1594 1952 -Vide
1619 1882 1763 1970 descrip-

210 2005 275 2068 aaa
285 1988 526 2069 ampliarentur
538 1991 721 2072 superiora.
740 1989 784 2052 Et
799 1989 967 2054 Isidorum-¹
1016 1986 1141 2050 tionem
1157 1983 1383 2050 incendiorum
1407 1983 1498 2048 urbia
1520 1983 1606 2048 bene
1631 1985 1763 2072 longam

211 2087 322 2174 (Orig.
334 2089 374 2150 L.
392 2089 464 2157 XV.
482 2109 511 2155 c.
524 2090 581 2173 8.)
598 2091 809 2156 Maenianas
829 2094 960 2176 collega
1016 2087 1102 2170 apud
1126 2086 1324 2154 Iuvenalem.
1354 2087 1438 2168 (Sat.
1457 2087 1515 2156 Vt.
1532 2085 1609 2150 inde
1628 2109 1645 2150 a
1664 2107 1763 2164 uersa

214 2191 330 2254 Crassi
351 2193 389 2252 in
404 2189 488 2271 saro
503 2193 645 2273 projecit
662 2195 836 2270 materias,
855 2205 893 2256 ut
909 2215 960 2258 es·
1019 2189 1104 2274 197.)

210 2303 285 2356 sent
306 2292 396 2368 loca,
424 2293 462 2354 in
484 2293 605 2371 quibus
624 2305 811 2378 spectantes
825 2296 958 2358 insiste·

210 2394 410 2472 rent,'anoe
425 2411 469 2456 ea
485 2397 619 2458 nomine
633 2395 704 2472 einis
718 2393 887 2458 Maeniana
901 2415 961 2480 np-
1133 2387 1135 2395 ⁴
1191 2375 1229 2436 Ρ·
1243 2372 1316 2456 47⁶·
1333 2373 1397 2438 ⁶⁰²·
1410 2388 1441 2438 Β·
1457 2371 1517 2436 ²²¹²·
1534 2371 1586 2478 2¹³·

181 2489 187 2498 '
206 2494 338 2594 ρσὶζαΐα
352 2504 414 2557 est.
445 2493 541 2556 Haec
554 2505 589 2556 et
601 2493 730 2572 solaria,
748 2501 829 2574 qaia
838 2509 958 2582 putent
1078 2490 1157 2552 Dixi
1170 2491 1342 2566 hocloco,
1357 2511 1422 2552 non
1438 2503 1568 2553 exstare
1585 2511 1762 2572 marmora,

210 2596 298 2668 soii3
314 2607 394 2679 post
410 2593 495 2658 haee
508 2595 572 2659 aiii
584 2595 715 2680 lapide,
736 2599 802 2662 alii
813 2600 959 2660 materia
1017 2611 1100 2677 quae
1134 2591 1270 2655 Claudio
1305 2590 1447 2655 Gothico
1481 2589 1675 2657 Germanioi
1706 2615 1764 2657 no·

211 2694 390 2781 aedificare
400 2697 588 2778 porticibus
604 2697 803 2774 Maeniana,
832 2698 966 2780 etfhri·
1017 2713 1094 2756 men
1109 2692 1261 2770 tribuant,
1276 2705 1310 2756 ct
1322 2705 1432 2755 tamen
1446 2692 1661 2775 attinentes
1678 2715 1763 2757 mar·

210 2799 272 2860 bus
288 2809 323 2860 et
339 2799 492 2860 domibus
505 2799 706 2876 adjecerunt.
734 2799 842 2862 Etiam
859 2797 962 2862 Asco-
1018 2815 1093 2858 mon
1109 2793 1282 2878 proposui,
1303 2793 1337 2853 in
1353 2813 1418 2877 qno
1433 2793 1461 2854 is
1480 2791 1698 2858 Germanicas
1715 2795 1763 2856 di·
1853 2789 1854 2794 ’

210 2899 300 2976 nina,
325 2897 382 2960 nbi
404 2898 471 2982 agit
489 2897 531 2962 dc
551 2899 703 2964 columna
724 2900 871 2977 Maenia,
904 2899 961 2982 (ad
1020 2896 1115 2961 citor.
1148 2893 1350 2958 Manendum
1371 2895 1488 2980 igitur,
1513 2894 1643 2958 nonnisi
1667 2895 1763 2960 rams-

216 3000 388 3066 Ciocronis
419 2999 651 3067 divinationem
674 3021 745 3086 cap.
761 3003 826 3084 sc.)
849 3001 962 3066 memi-
1019 2999 1101 3064 aime
1119 3016 1240 3060 nomen
1252 2993 1338 3060 istud
1354 2994 1389 3058 in
1403 2993 1619 3060 marmoribus
1635 2995 1712 3082 legi.
