4244 5484
417 451 500 546 ‘too
768 444 929 524 cmvi
953 389 1022 519 nt.
1056 439 1124 516 nn
1148 417 1480 516 ronnrrctrv
1502 384 1623 518 ortt.

490 624 628 693 Abtolri
655 647 813 692 tummam
840 629 911 713 ejot
937 625 1174 714 ditputttionit,
1230 625 1409 708 componi?
1451 625 1649 690 Miraremnt·
1670 619 1812 698 itthtec,
1845 617 1907 682 niti
1929 617 1971 694 tlt

428 751 512 817 quae
541 733 688 819 virorum
728 731 962 814 praettautinrn
998 728 1174 792 tententiat
1230 726 1409 792 multorum
1431 726 1598 791 hominum
1621 724 1768 788 doctrina
1798 722 1878 810 tatia·
1899 741 1972 800 con·

429 831 588 914 dittraxit.
631 831 677 898 Vt
702 852 769 895 non
796 843 928 914 gravate
953 831 1024 915 ipte
1049 813 1174 893 Bimnr·
1231 841 1348 906 ttaret,
1370 827 1704 914 quaeceerimeniat,
1724 825 1825 903 ritut,
1848 825 1974 909 opinio·

426 934 477 1010 cli,
509 947 544 997 ct
570 935 626 1020 qui
651 932 729 997 hnic
754 931 854 999 clucet
878 931 989 1008 inere,
1028 931 1174 1017 opinioni
1230 949 1290 992 net
1327 928 1481 1016 quatiam
1520 921 1683 1008 ellinpurc,-
1722 927 1865 990 arctiore
1908 925 1974 994 tiu·

375 1025 378 1032 ¹
428 1034 619 1112 tubtcribo,
650 1035 724 1118 qnia
752 1046 1022 1117 argumentorum
1048 1034 1171 1097 robore
1228 1033 1305 1096 culo
1343 1053 1419 1094 cum
1451 1030 1555 1094 cautit
1585 1029 1757 1112 religionit
1796 1027 1972 1106 connectit,

427 1133 758 1236 praettarevidetnr,
781 1134 828 1196 tic
851 1133 1098 1210 intent-tamen,
1120 1154 1194 1218 ⁸¹²&
1229 1153 1325 1218 qnam
1354 1131 1484 1196 virtutis
1518 1131 1643 1195 aolidae
1673 1143 1866 1215 proecepta,
1906 1130 1974 1211 qui·

427 1261 482 1306 ttut
504 1241 600 1304 etiarn
620 1235 717 1301 alteri
734 1234 891 1298 adversae
909 1237 1018 1297 inette
1034 1236 1172 1318 pondot,
1229 1233 1289 1299 but
1321 1234 1523 1317 potittimum
1560 1232 1755 1296 exercendit
1792 1252 1834 1296 ex
1871 1229 1974 1294 (lirini

427 1361 493 1427 quo
529 1361 607 1402 tene
638 1342 742 1401 fretun
783 1339 834 1397 tir
864 1336 995 1426 quidum
1026 1335 1173 1400 eruditur
1229 1333 1429 1419 legitlatotit
1449 1333 1654 1416 praetcripto
1686 1334 1818 1396 humani
1839 1333 1973 1416 generit

426 1441 620 1507 Dominicut
639 1437 795 1502 Martellu
820 1458 929 1520 nuper
957 1440 1082 1502 Romae
1111 1439 1175 1500 ‹lit-
1230 1436 1317 1501 tulna
1349 1436 1546 1498 continetur.
1587 1433 1784 1498 Addentlum
1819 1433 1974 1520 deniqne,
2086 1427 2091 1440 '

427 1545 638 1611 tertationem
667 1539 827 1622 vulgatit,
857 1560 939 1624 quae
962 1538 1171 1604 inscribitur:
1228 1537 1396 1606 eruditum
1411 1536 1577 1612 Vendale,
1598 1557 1665 1600 uon
1679 1550 1889 1614 contentum,
1909 1541 1975 1600 Bo·

427 1649 462 1714 11
478 1647 665 1728 pontificato
686 1647 837 1706 martimo
859 1665 923 1706 nott
946 1647 1015 1706 mai
1040 1653 1172 1706 artemo
1230 1639 1270 1704 tii
1297 1641 1478 1703 tententiae
1506 1639 1711 1716 edhaetitte,
1749 1639 1837 1704 ultra
1867 1637 1973 1704 adhuc

427 1750 515 1829 deq!
527 1749 728 1826 Imperodort'
747 1747 918 1820 wttimti,
941 1765 1004 1828 qna
1016 1743 1044 1806 lt
1060 1743 1093 1804 in
1110 1743 1174 1806 dit·
1229 1761 1542 1828 progrettumette,
1564 1763 1638 1805 cnm
1656 1727 1783 1806 sancire
1797 1761 1864 1804 non
1881 1741 1973 1804 dubi·

426 1849 596 1934 putatione
618 1845 782 1936 advocetit
807 1847 905 1906 etiam
923 1847 1029 1908 cautit
1046 1845 1173 1910 theolo·
1229 1846 1326 1922 tatit‚
1361 1847 1517 1910 Ctetaret
1550 1843 1750 1910 Chrittianot
1780 1843 1886 1908 adhuc
1917 1844 1973 1908 diu

427 1951 512 2036 picit
536 1963 635 2032 negat
661 1947 782 2028 absque
802 1947 992 2028 gratittimt
1010 1949 1105 2034 culpa
1120 1969 1175 2012 ex·
1229 1960 1305 2030 port
1334 1943 1522 2010 Gratianum
1551 1967 1588 2010 te
1618 1967 1679 2030 pro
1710 1944 1865 2030 pontifice
1887 1967 1974 2012 max.

427 2051 567 2116 erceriu
585 2049 732 2132 principe
744 2047 926 2112 Christiano
944 2053 1088 2132 potnitte
1105 2073 1174 2114 mu·
1230 2047 1372 2132 gettitte
1393 2049 1480 2111 iuter
1498 2049 1721 2128 Chrittiunoe,
1743 2045 1832 2133 quod
1855 2048 1918 2112 itte
1932 2049 1973 2111 ti·

425 2174 509 2229 nne,
532 2151 620 2236 qood
645 2150 842 2233 profectioni
866 2151 945 2214 fidei
967 2153 1171 2218 Chrittianao
1229 2151 1317 2214 tulut
1338 2151 1525 2216 includeret
1542 2171 1705 2218 tummuut
1723 2151 1756 2210 in
1772 2147 1973 2214 Chrittiano·

427 2255 546 2339 palam·
559 2253 768 2326 advertatur,
798 2251 892 2334 qnia,
913 2245 1036 2336 inquit,
1058 2255 1173 2317 intrin·
1229 2274 1304 2318 rum
1324 2255 1481 2318 eccleciae
1497 2253 1647 2336 regimen
1672 2267 1769 2336 atque
1785 2251 1972 2336 imperium,

424 2376 504 2419 tece
519 2355 658 2428 malum,
678 2365 715 2415 et
733 2353 914 2434 gratittimi
932 2353 1021 2418 lorct
1039 2355 1171 2440 piaculi,
1228 2369 1326 2438 atque
1347 2355 1448 2435 adeo,
1479 2375 1561 2442 quae
1588 2354 1630 2418 ad
1647 2354 1705 2416 88.
1723 2354 1918 2418 Trinitatem
1936 2369 1974 2418 et

425 2477 486 2520 ten
514 2453 642 2528 terbit,
673 2473 733 2516 teu
762 2451 865 2536 opere
895 2467 1091 2544 quocunque
1114 2459 1172 2524 ob·
1228 2455 1326 2522 litlem
1346 2458 1556 2537 catholicam,
1585 2457 1627 2522 ad
1655 2456 1813 2521 ecclesiet
1843 2477 1973 2522 etrum·

424 2573 519 2624 tentn
540 2555 655 2618 saltam
676 2555 873 2639 religionem
905 2558 1069 2624 timnlere.
1113 2561 1170 2631 Vt·
1226 2565 1291 2641 qne
1320 2559 1511 2645 privilegia,
1544 2579 1628 2644 qute
1656 2558 1698 2622 ad
1732 2560 1906 2646 epiecopot
1935 2573 1973 2623 et

423 2679 565 2742 rumque
585 2659 662 2720 dnm
683 2679 746 2720 unt
762 2678 857 2740 poete
872 2661 1052 2752 contiapere
1071 2677 1170 2746 negat
1226 2660 1382 2739 clerioot,
1413 2683 1496 2745 quae
1518 2663 1558 2726 ad
1581 2661 1786 2737 haereticos.
1815 2683 1898 2745 quae
1926 2662 1973 2725 ad

422 2763 477 2830 vit
492 2759 788 2847 pintprobutqne,
809 2763 1169 2849 portumntjnreqnae·
1194 2833 1198 2840 ,
1226 2761 1402 2848 baptisma,
1441 2767 1482 2829 atl
1519 2765 1703 2848 tepnlturat
1731 2776 1795 2828 etc.
1825 2766 1972 2851 pertine·

422 2885 502 2932 rere
511 2871 526 2942 ,'
554 2883 621 2946 quo
646 2873 742 2946 pacto
766 2861 951 2950 principum
970 2867 1168 2934 Chrittituo·
1225 2864 1321 2944 ltant,
1343 2889 1362 2930 a
1385 2868 1576 2953 Christienlt
1594 2863 1846 2951 imperatoribus
1863 2864 1971 2930 fuisse

421 2987 515 3043 rum,
547 2963 602 3050 qni
625 2985 728 3051 utque
755 2963 795 3026 etl
817 2963 1006 3030 Gratianum
1028 2969 1167 3053 impera·
1225 2966 1368 3046 directa,
1391 2985 1559 3046 correcta,
1580 2969 1686 3052 jutan,
1708 2972 1875 3034 nutvetita
1891 2970 1971 3052 jure

421 3089 522 3145 vere,
545 3088 587 3130 ne
606 3069 677 3151 ipto
697 3065 830 3152 quidem
850 3068 964 3151 ploret
989 3069 1031 3133 ob
1054 3091 1167 3136 contat
1222 3070 1427 3160 pontificatue
1450 3071 1599 3148 maximi,
1631 3069 1717 3156 quod
1737 3068 1778 3134 ati
1798 3071 1888 3155 iptct
1905 3091 1972 3154 per

422 3171 557 3254 dempto
579 3168 791 3232 Conatantino
817 3175 883 3248 E,
918 3171 983 3236 vita
1018 3173 1166 3257 improba
1222 3189 1419 3261 potettatcm
1442 3175 1650 3249 creterram,
1673 3170 1773 3236 coiit
1797 3172 1972 3256 pontifica-

420 3293 460 3338 uc
491 3269 670 3347 melereto,
698 3269 861 3336 vindictae
890 3285 1067 3350 cruentae,
1102 3275 1167 3340 fre·
1204 3277 1426 3342 'tutudnexnt
1444 3289 1532 3352 erat,
1555 3273 1848 3356 arrotrebarum).
1870 3273 1973 3337 Com·

421 3387 516 3438 terne
545 3371 619 3436 odia
638 3371 841 3456 candetque,
870 3387 904 3440 et
925 3389 1097 3460 quaerunt
1113 3376 1164 3443 hit
1220 3379 1332 3466 ploret
1353 3381 1569 3460 imperatoret
1593 3376 1641 3441 tic
1658 3385 1758 3460 ager'e
1776 3375 1971 3454 inatitnitte,

420 3476 525 3556 ningit
549 3475 690 3552 atrocia,
713 3495 787 3538 cnm
810 3474 939 3561 legibnt
957 3479 1162 3562 theologicis,
1183 3542 1196 3564 ‚
1221 3495 1259 3546 ut
1275 3480 1468 3556 crederent,
1490 3479 1607 3560 cimilia
1620 3477 1748 3563 jurato
1769 3499 1805 3545 te
1820 3479 1971 3564 pertiue-

422 3594 461 3640 ac
476 3574 646 3662 religionit
664 3595 762 3646 terte
776 3577 985 3664 proiectione
995 3581 1164 3671 potuerint
1220 3603 1275 3668 re,
1298 3587 1370 3670 quit
1386 3583 1581 3669 negaverit?

450 4721 480 4795 ι)
497 4718 624 4784 ὓὶειπῑ.
641 4717 677 4784 11.
697 4718 735 4782 de
752 4729 836 4801 pont.
854 4739 933 4786 max.
952 4739 1021 4802 cap.
1037 4717 1064 4786 l.
