4244 5484
413 477 484 550 388

342 695 347 702 -
414 659 498 714 stant
529 657 707 714 marmora,
746 653 828 721 quse
860 631 939 698 oitst
973 630 1158 712 einardus,

412 757 447 816 in
471 748 587 836 quihus
615 739 844 805 Constantinus
865 737 930 810 bh,
960 734 1159 806 Valentinis.

410 878 491 930 nus,
513 847 654 921 Valens,
683 855 779 925 atque
806 841 879 922 ipse
914 836 1011 900 etiam
1034 835 1160 899 Gratia·

411 979 471 1022 nus
487 945 658 1038 pontifices
677 943 809 1008 maximi
832 941 1047 1024 appellantur.
1091 937 1156 998 ad-

412 1061 455 1125 do
478 1053 619 1136 denique
642 1061 725 1130 ego:
762 1046 791 1110 si
811 1045 915 1108 risum
937 1041 1054 1104 fuisset
1076 1041 1160 1102 Con-

413 1160 555 1228 stantinu
587 1153 774 1214 detrectare
807 1142 1049 1232 pumilionum,
1085 1142 1159 1225 quis

413 1275 614 1344 componere
637 1252 731 1314 ilium
753 1269 828 1312 oum
856 1247 961 1310 causis
987 1243 1159 1327 religionis

410 1383 488 1432 suaa
512 1339 685 1444 nequiret,
707 1350 886 1438 probibere
901 1347 999 1412 etiam
1020 1365 1086 1407 non
1101 1363 1159 1428 po·

411 1467 546 1539 tuisset,
577 1479 642 1543 quo
670 1456 777 1518 minus
807 1451 946 1536 dignitas
969 1473 986 1513 a
1008 1448 1157 1535 principe

411 1567 538 1650 abjecta
554 1559 652 1628 alteri
671 1557 878 1632 deferretur,
901 1571 942 1614 ue
966 1550 1157 1636 pontificum

412 1667 602 1751 conlegium
622 1664 729 1748 capite
749 1679 809 1722 suo
833 1667 980 1730 careret,
1010 1673 1048 1722 ec
1070 1671 1159 1716 cum·

411 1749 527 1859 primis
544 1769 602 1830 itta
619 1779 743 1840 aetate,
766 1783 829 1844 qua
850 1771 937 1820 totus
955 1755 1028 1816 iere
1052 1753 1158 1816 adhue

412 1885 542 1938 senatus
557 1869 617 1944 R„
640 1863 790 1948 conlegia
813 1861 936 1933 omnia,
966 1875 1003 1918 ac
1019 1855 1157 1917 maxima

412 1975 531 2040 civium
552 1991 626 2054 pars
641 1969 774 2056 paganis
792 1959 993 2030 constabant.
1016 1959 1059 2019 At
1075 1974 1157 2021 veru

409 2061 535 2142 tantuin
555 2073 664 2150 abest,
699 2085 735 2132 ut
758 2067 853 2132 alteri
881 2079 1069 2147 supremum
1091 2059 1157 2122 hoo

410 2200 528 2244 munus
544 2179 788 2260 imponeretur,
810 2181 847 2232 ut
864 2187 906 2229 ex
927 2162 1157 2237 monumentis,

411 2280 692 2366 scriptoribusquo
708 2285 836 2340 constet
860 2269 974 2342 etiam,
991 2263 1157 2328 neminem

412 2399 487 2450 aute
497 2383 687 2446 Gratianum
704 2379 757 2441 vel
775 2375 815 2438 ab
832 2373 910 2455 ipsis
920 2367 1054 2454 paganis
1069 2365 1158 2450 agni·

410 2501 482 2549 tum
505 2481 695 2568 pontificem
724 2477 920 2552 maximum,
959 2461 1022 2534 uisi
1056 2487 1157 2532 unum

368 2629 372 2635 -
409 2587 606 2672 principem.

473 2689 534 2750 His
550 2681 815 2771 praemonstratis
830 2678 1003 2750 Bimardus
1027 2673 1155 2736 diluere

411 2789 610 2862 Gothot‘redi
647 2787 775 2870 objecta
812 2781 1004 2866 aggreditur
1039 2775 1155 2837 iisdem

410 2916 489 2959 usus
510 2889 727 2976 argumentis,
756 2905 838 2972 quae
859 2885 892 2944 in
916 2882 1031 2945 eadem
1059 2899 1154 2943 causa

409 2997 529 3062 Bosius
554 2995 631 3059 olim
654 2985 862 3058 Gothuiredo
882 2982 1053 3068 opposuit,
1076 2999 1156 3066 quo·

411 3121 485 3162 rum
515 3097 689 3181 praecipua
707 3093 824 3175 *capita
861 3087 943 3150 haec
973 3097 1063 3148 sunta
1100 3083 1156 3144 Ait

411 3201 467 3264 hio
488 3201 649 3284 primum,
676 3195 800 3257 nullam
831 3189 997 3251 Zosimum
1025 3201 1157 3267 prome·

1045 445 1241 524 CAPVT
1280 447 1349 524 IX.

1214 649 1293 698 cere
1318 631 1356 695 ad
1381 627 1599 722 abrogandam
1629 629 1749 712 iidem,
1780 637 1808 700 si
1839 659 1902 722 qua
1932 640 1960 704 is

1214 737 1321 796 minus
1336 731 1507 798 laudabilia
1525 733 1566 797 da
1586 738 1786 820 principibus
1804 739 1962 806 Christia-

1215 837 1265 899 nis
1282 837 1422 918 scripsit.
1467 836 1520 898 Ad
1540 837 1777 922 haruspicinam
1796 844 1886 924 quod
1915 857 1962 907 nt·

1215 937 1318 1012 tinet,
1349 937 1590 1002 Gotbofrcdnm
1619 939 1826 1009 Gothofredo
1857 963 1960 1026 oppo-

1212 1041 1279 1114 nit,
1302 1038 1357 1124 qui
1378 1039 1448 1123 ipse
1474 1041 1508 1100 in
1530 1043 1764 1108 commentario
1785 1065 1845 1107 suc
1866 1047 1900 1108 in
1921 1048 1961 1109 ti·

1213 1141 1318 1204 tulum
1341 1143 1464 1223 codiuip
1483 1145 1721 1207 Theodosianit
1754 1152 1794 1210 de
1803 1153 1957 1229 poponis,

1216 1247 1404 1326 sacrefictis,
1427 1257 1459 1308 ee
1474 1253 1617 1326 templis,
1639 1247 1779 1320 adserit,
1802 1249 1961 1313 Constan-

1216 1344 1319 1406 tinum
1337 1343 1401 1408 latu
1424 1346 1501 1428 lege
1523 1348 1748 1435 haruspicinae
1771 1373 1864 1414 nsum
1883 1374 1958 1436 per·
2091 1365 2093 1370 '

1216 1447 1352 1510 misisse.
1398 1445 1472 1540 Quo
1495 1463 1590 1532 pacto
1621 1454 1769 1516 excusari
1790 1455 1894 1534 possit
1914 1455 1958 1518 ls-
2019 1478 2021 1486 ·

1215 1570 1292 1633 psus
1310 1550 1433 1611 Zosimi
1448 1550 1664 1634 Singidunum
1681 1575 1743 1636 pru
1761 1556 1958 1639 Lugdunum

1216 1653 1405 1730 scribentis,
1428 1653 1504 1750 lege
1525 1655 1658 1738 copiose
1673 1655 1892 1721 disserentem
1906 1661 1958 1720 Bi·

1215 1755 1375 1818 mardum.
1409 1755 1624 1840 Prosequitur
1637 1757 1880 1839 Gothciredus,
1903 1785 1957 1827 re·

1214 1857 1352 1919 risimile
1377 1879 1442 1921 non
1461 1879 1552 1936 esse,
1583 1860 1611 1921 si
1633 1861 1849 1945 imperatores
1866 1865 1959 1929 Chri-

1215 1945 1310 2022 stiuni
1335 1959 1557 2044 pontificatum
1578 1962 1801 2038 admisissent,
1832 1967 1917 2029 istud
1941 1991 1957 2030 a

1214 2062 1362 2148 pluribus
1379 2063 1450 2126 aliis
1471 2053 1687 2148 scriptoribus
1707 2069 1840 2150 paganis
1856 2069 1958 2134 fuisse

1216 2164 1470 2244 dissimulatum,
1492 2187 1600 2250 nequa
1625 2167 1722 2230 etiam
1743 2169 1851 2234 rideri
1875 2155 1958 2244 reri·

1215 2266 1344 2346 simila,
1365 2281 1475 2351 patres
1492 2269 1653 2334 ecciesiae
1669 2291 1736 2335 non
1762 2292 1896 2336 omnem
1910 2273 1957 2337 in·

1201 2359 1279 2433 ¹isse
1297 2370 1502 2456 impensuros
1518 2393 1671 2458 operam,
1693 2387 1729 2436 ut
1746 2376 1786 2436 ab
1803 2375 1867 2438 hoc
1884 2396 1957 2462 pro·

1213 2473 1322 2558 posito
1345 2473 1511 2560 principes
1529 2475 1729 2538 Christianos
1759 2489 1956 2541 sterterent.

1214 2577 1258 2638 At
1288 2576 1395 2652 enim,
1425 2575 1530 2658 inquit
1558 2577 1693 2656 Bosius,
1726 2579 1765 2641 ab
1792 2579 1866 2664 ipso
1894 2581 1956 2646 boe

1213 2679 1410 2762 scriptorum
1438 2678 1574 2772 Qutio
1604 2681 1755 2763 probari,
1784 2684 1957 2768 imperatu·

1213 2799 1268 2844 res
1291 2779 1628 2864 obire'pontiiicatum
1649 2783 1855 2866 perreris'se3
1883 2803 1957 2848 nam

1213 2903 1252 2948 ea
1271 2897 1393 2948 tuntum
1411 2883 1518 2946 solent
1532 2885 1635 2946 literis
1647 2887 1850 2970 consignari,
1875 2909 1957 2972 quae

1212 2999 1361 3050 stetere
1394 2987 1541 3048 instituto
1572 2985 1751 3062 recedunt,
1780 3009 1846 3054 non
1874 3011 1957 3074 quae

1212 3107 1341 3152 cursum
1359 3109 1453 3152 suurn
1473 3089 1674 3152 ordinarium
1697 3089 1852 3156 retinent.
1898 3094 1958 3156 Ce-

1212 3203 1318 3252 terum
1341 3191 1491 3254 Zosimus
1513 3193 1578 3254 nou
1602 3193 1691 3256 solus
1708 3193 1785 3270 suit,
1807 3195 1863 3276 qui
1879 3213 1959 3276 pon·

365 3333 381 3356 ,·
411 3303 482 3368 reri
506 3301 623 3374 fidem,
655 3295 764 3380 utqui
785 3289 978 3355 narrationis
1003 3303 1079 3348 suae
1105 3305 1157 3348 vs·
1198 3289 1367 3356 atticarum
1386 3314 1444 3355 eos
1466 3294 1606 3376 gessisse
1625 3295 1778 3361 narravit.
1802 3297 1956 3359 Servium

412 3405 489 3470 dem
505 3423 572 3466 non
590 3402 675 3463 citat.
718 3397 860 3469 Verum,
889 3388 1071 3473 respondet
1090 3389 1155 3448 Βῦ·
1211 3393 1276 3476 jam
1295 3415 1392 3478 supra
1407 3394 1585 3458 citavimus.
1614 3395 1752 3482 ¹Ausonii
1767 3394 1852 3460 infra
1868 3417 1958 3462 men-

411 3508 498 3583 sius,
520 3503 601 3570 vade
624 3521 705 3584 opus
723 3517 790 3560 non
808 3493 870 3558 fuit
889 3493 1022 3558 zosimo
1047 3502 1156 3552 aucto·
1187 3495 1259 3580 ‚tio
1287 3494 1356 3560 fiet.
1417 3499 1462 3559 At
1491 3497 1555 3577 jam
1585 3497 1627 3562 ad
1656 3499 1719 3561 alia
1749 3489 1958 3564 monumenta

251 3653 258 3664 .
325 3657 334 3666 .
411 3607 544 3671 risere
568 3604 762 3686 synchrono.
804 3597 957 3670 zosimo,
987 3593 1156 3658 invehitur
1212 3611 1370 3682 provocat
1392 3597 1636 3676 Gothofredus,
1667 3599 1795 3684 aitque,
1826 3601 1957 3665 titulum

413 3705 657 3776 Gothoiredus,
686 3701 778 3763 nulla*
800 3697 950 3760 habenda
963 3695 1055 3758 tides
1064 3707 1077 3772 ,¹
1095 3693 1156 3756 sci·
1210 3697 1374 3785 pontificis
1393 3721 1476 3764 max.
1502 3701 1619 3764 iisdem
1644 3701 1804 3786 usquein
1827 3701 1955 3781 edictis,

410 3811 491 3874 licet
505 3809 610 3892 jurato
635 3802 894 3887 Christianorum
918 3797 1019 3874 busti,
1049 3809 1083 3862 et
1100 3796 1156 3880 qni
1210 3800 1375 3884 usquein
1397 3803 1635 3865 numissaitem
1658 3804 1825 3886 genuinis,
1848 3825 1956 3890 reque

400 3905 512 3976 'inuita
542 3909 584 3971 de
614 3907 731 3986 iactato
754 3901 955 3966 Constantini
976 3899 1078 3965 Maio
1100 3897 1156 3960 ha·
1202 3901 1244 3964 'in
1275 3901 1491 3965 marmoribus
1522 3904 1631 3964 tribui.
1673 3907 1867 3988 Respondet
1893 3907 1957 3970 Bc-

411 4013 611 4098 ruspioinam
643 4007 774 4072 adnutu
814 4003 948 4089 ineptit,
992 4017 1027 4067 et
1067 3999 1156 4086 qnod
1213 4001 1297 4080 sins,
1319 3997 1512 4066 nihit'ismd
1532 3988 1709 4090 probare,
1731 4008 1804 4092 quis
1822 4009 1957 4071 nimium

412 4116 550 4200 amplius
572 4127 639 4191 cst,
666 4113 722 4197 qui
745 4107 786 4170 do
812 4097 882 4190 ipsa
904 4104 1049 4170 Gratiani
1071 4123 1156 4166 nece
1212 4105 1345 4190 probat3
1368 4125 1476 4190 neque
1502 4107 1589 4170 enim
1612 4109 1663 4170 vel
1681 4107 1876 4172 Maximinus
1896 4112 1958 4176 Da·

409 4219 529 4284 falsum
554 4217 653 4289 dixit,
684 4233 758 4276 cum
782 4222 985 4274 cumcontra
1012 4206 1156 4280 carnium
1213 4225 1270 4284 aa,
1303 4209 1357 4273 rel
1382 4209 1574 4278 Iulianusin
1596 4209 1711 4272 edictis
1738 4229 1813 4272 eum
1828 4207 1960 4296 praeie-

412 4324 610 4405 scrip'torum
638 4316 736 4381 iidem
762 4333 829 4376 nou
847 4309 1001 4395 Lugduni
1018 4305 1156 4387 Galliae,
1212 4321 1290 4373 runt
1316 4309 1466 4386 titulum,
1504 4331 1603 4374 nemo
1641 4325 1749 4374 tamen
1780 4331 1960 4400 propterea

401 4423 471 4488 'sed
493 4419 829 4507 SingidnniMoesiae
849 4425 1059 4497 peremptum
1083 4431 1156 4474 nan·
1210 4411 1529 4496 negaverit,·iuisse
1562 4413 1826 4498 eos·pontiiicas
1858 4418 1960 4482 mari·

388 4539 472 4590 'rat
518 4524 718 4608 obloquitur
747 4519 885 4594 Bosius,
920 4515 1030 4581 odium
1055 4515 1165 4600 scrip„
1205 4532 1294 4577 mos.
1338 4515 1465 4578 iudea
1493 4515 1630 4578 Claudio
1661 4517 1803 4582 Gothico
1840 4539 1879 4583 ea
1911 4518 1958 4582 di-

412 4625 493 4687 tcris
514 4625 650 4710 psgani,
678 4623 742 4690 nisi
771 4623 853 4684 aliae
878 4641 993 4686 causae
1015 4619 1154 4682 idoneae
1212 4617 1317 4703 gnitas
1344 4637 1421 4682 raro
1446 4617 1509 4707 jam
1531 4617 1564 4678 iu
1586 4620 1693 4683 numia
1714 4640 1868 4706 expressa
1883 4621 1955 4698 tait,

410 4738 546 4810 praesto
570 4727 653 4805 sint,
686 4746 747 4808 per
774 4743 810 4786 se
842 4709 1044 4820 solum‘nun
1066 4718 1155 4785 suffi-
1212 4735 1246 4784 et
1274 4717 1370 4787 fuere
1399 4719 1565 4805 principes
1603 4723 1721 4806 pagani
1756 4721 1955 4808 complures,
