4230 5490
337 409 425 578 xat
881 419 1355 556 'consrlnnnvs
1389 461 1441 537 n.

366 683 475 756 jacta
491 673 580 735 alias
595 671 680 732 dnae
693 670 852 750 supplices
863 668 961 746 struis
974 668 1132 748 pauidum
1190 655 1275 738 ejus.
1294 650 1426 728 aetatis,
1458 649 1491 713 in
1521 652 1737 752 quesumus,
1775 669 1841 715 uon
1872 667 1938 719 est.
1998 669 2002 676 '

338 767 340 775 ⁴
380 781 455 840 tine
469 773 809 856 fiaoimdumisedens
822 773 993 844 durnnm,
1016 787 1133 851 eaque
1189 760 1264 822 Nou
1294 755 1452 822 auderem
1481 753 1646 819 diversum
1678 751 1939 847 sentire'ariro

380 899 468 964 aqua
477 878 629 976 postult,
650 893 676 934 a.
696 874 902 947 arundinem,
925 875 1001 933 inde
1022 871 1131 945 torris,
1189 861 1348 926 maximae
1367 859 1401 920 in
1428 855 1563 942 scientia
1587 871 1698 946 nostru
1725 857 1942 940 auctoritatis,

381 984 418 1042 s'n
435 973 650 1060 siraoflnmine
669 975 1130 1052 dcusnaocacurnromiqan·
1188 966 1253 1029 nisi
1267 964 1427 1041 fateretur
1451 959 1539 1044 ipse,
1562 959 1632 1026 aliis
1650 980 1780 1045 qnoque
1803 981 1965 1044 numum,
2002 1003 2006 1010 ι

382 1083 488 1157 tibus,
511 1083 652 1142 inimo:
674 1071 908 1142 ntttvvtvs.
952 1073 1020 1136 ΔΕ.
1036 1063 1131 1156 prae·
1191 1089 1283 1131 suum
1311 1061 1537 1142 visumfuisse
1564 1077 1766 1146 suspectum,
1798 1057 1939 1149 quorum

382 1179 516 1264 grandis
534 1178 667 1244 moduli.
691 1179 794 1260 (Mus.
812 1172 923 1256 Caes.)
1110 1201 1113 1208 v
1190 1167 1311 1232 deinde
1328 1167 1449 1251 judicia
1464 1179 1500 1228 ut
1510 1165 1702 1242 refelleret,
1723 1187 1940 1252 nequaquam,

447 1284 499 1346 De
520 1268 572 1344 liis
592 1279 714 1357 numia,
738 1277 812 1363 quia
830 1275 996 1338 historiam
1011 1278 1134 1367 juvant,
1190 1271 1279 1359 quod
1304 1269 1489 1334 laciendum
1521 1269 1660 1338 maxime
1688 1267 1811 1348 luerat,
1843 1259 1940 1354 argu·

384 1383 527 1448 curatius
550 1381 723 1466 agendum.
767 1377 896 1442 Primus
922 1399 1055 1440 numum
1082 1377 1133 1440 his
1190 1375 1310 1440 mentis
1326 1396 1344 1436 a
1358 1371 1482 1436 sa'brioa
1491 1372 1603 1460 petitis
1617 1371 1791 1437 absolvero
1804 1395 1941 1438 numum

385 1487 528 1553 similem
554 1497 628 1548 ante
653 1503 755 1547 annos
779 1481 866 1542 bene
886 1480 1026 1557 multos,
1049 1479 1135 1542 scili·
1192 1476 1368 1551 lahorarit,
1403 1475 1463 1538 sed
1495 1471 1637 1558 probare
1666 1496 1840 1562 aggressus
1875 1493 1940 1559 est,

379 1571 438 1652 ¹cet
461 1589 560 1673 1559,
586 1583 689 1648 edidit
705 1584 914 1649 Sebastianus
935 1581 1077 1645 Ericzos
1094 1584 1133 1665 ¹).
1193 1579 1437 1646 Constantinum
1457 1565 1595 1662 perinde
1621 1593 1716 1664 atque
1735 1581 1811 1642 oliuu
1830 1583 1948 1668 Trajan

258 1683 264 1698 ⁸
383 1690 470 1752 Eum
488 1689 609 1751 reticet
627 1687 721 1754 occo
740 1687 828 1750 inter
846 1705 962 1748 numos
980 1686 1136 1748 Constsn·
1192 1703 1271 1774 nupt
1285 1681 1449 1764 lapideum
1467 1683 1500 1743 in
1517 1682 1600 1745 Istro
1611 1695 1744 1764 pontem
1760 1683 1871 1750 facere
1882 1710 1940 1770 po·

364 1791 445 1868 ‚tini
468 1789 583 1852 nostri.
626 1788 736 1852 Alium
760 1787 800 1851 ab
818 1787 996 1852 Erizaiano
1021 1807 1135 1870 parurn
1194 1789 1311 1864 tuisse,
1335 1783 1422 1868 quod
1436 1803 1534 1846 nemo
1550 1785 1733 1868 negaverit.
1930 1857 1932 1862 ,

383 1891 552 1956 diversum
570 1890 657 1954 inter
675 1911 793 1954 numos
809 1887 1138 1955 suoseultibatOise·
1233 1867 1426 1970 ‘Suspectis
1447 1888 1548 1971 igitur
1568 1881 1685 1951 horum
1705 1907 1877 1953 numorum
1897 1903 1943 1955 te·

383 1994 448 2057 lius
464 1994 518 2078 ι1),
547 2013 644 2077 quern
673 1992 793 2056 deinde
818 1993 852 2052 in
876 1995 1061 2076 catalogum
1087 2013 1139 2054 su·
1195 1989 1355 2052 stimoniia
1375 1980 1520 2055 noudum
1544 1990 1699 2054 adsentiri
1724 1993 1874 2077 cogimur
1888 2015 1951 2056 au—

388 2120 441 2160 um
473 2096 518 2159 ad
544 2117 662 2158 annum
692 2098 730 2158 P.
752 2096 794 2164 x.
825 2096 889 2160 328
918 2095 1139 2180 recepitlde·
1195 2091 1338 2156 ctoritati
1375 2093 1532 2156 chronici
1573 2091 1807 2171 Alexandrini,
1854 2098 1947 2180 quod·

385 2199 581 2275 diobarbus,
622 2211 675 2271 et,
716 2196 848 2272 nescio,
888 2217 953 2282 quo
992 2209 1137 2274 auctore,
1195 2194 1234 2257 ad
1254 2217 1370 2258 anuum
1394 2197 1431 2260 P.
1449 2199 1491 2262 X.
1518 2195 1582 2259 328
1607 2195 1731 2273 refert,
1762 2199 1950 2276 Constanti·

387 2322 519 2364 aurenm
541 2301 753 2384 pronunciat,
778 2299 864 2364 'cum
890 2315 1000 2362 tamen
1027 2299 1139 2362 metal-
1194 2317 1271 2359 num
1296 2301 1414 2362 'iterum
1435 2323 1476 2363 ac
1491 2303 1622 2379 saepius
1636 2301 1820 2362 Danubium
1839 2313 1945 2366 trans·

384 2403 454 2464 lum
474 2401 751 2467 taceatOiselius.
782 2403 1032 2468 Mediobarhum
1052 2401 1139 2465 haud
1194 2421 1356 2482 pressum,
1387 2413 1420 2464 et
1436 2407 1686 2484 pontoma‘neo
1714 2406 1950 2468 LAPIDEVM

386 2502 486 2567 dubie
518 2505 660 2568 indicem
692 2519 822 2570 secutus
853 2507 1023 2569 Baldiuius
1050 2505 1139 2568 inter
1191 2504 1313 2582 sociare
1335 2502 1483 2588 (prpoern
1502 2503 1656 2586 tederet),
1685 2517 1740 2566 aut
1769 2505 1947 2590 Theopha-

385 2627 505 2670 aureoa
528 2607 578 2668 illi
608 2608 717 2670 locum
743 2607 842 2670 dedit.
886 2607 1070 2671 Bandurius
1104 2607 1138 2669 id
1195 2603 1246 2665 nis
1275 2603 1364 2667 idem
1394 2605 1555 2668 narrantia
1577 2603 1642 2688 d),
1671 2619 1704 2668 et
1733 2607 1809 2669 satis
1831 2607 1945 2692 inepte

385 2728 490 2792 genus
516 2727 633 2770 numos
656 2708 727 2794 ipse
752 2729 819 2772 uon
843 2709 943 2789 vidit,
972 2733 1138 2797 unumque
1195 2705 1315 2770 facturn
1341 2707 1427 2770 istud
1447 2709 1512 2792 jum
1537 2729 1621 2772 anno
1643 2708 1833 2792 imperantis
1860 2711 1946 2776 Con-¹

386 2824 507 2874 testem
532 2809 784 2875 Mediobarbum
805 2814 959 2898 appellat.
1012 2817 1137 2878 Eorum
1196 2809 1335 2890 stantini}
1357 2813 1480 2887 xxa„
1509 2809 1574 2892 jani
1605 2811 1724 2878 xxlv.
1759 2810 1948 2896 adfigentis.

386 2912 489 2995 igitur
514 2910 596 2976 lidcs
615 2913 718 2996 major
738 2934 803 2977 non
831 2927 898 2992 est,
922 2937 1017 3000 quarn
1041 2939 1169 3002 quan-³
1196 2914 1311 2976 Pontis
1350 2913 1472 2997 lapidei
1509 2911 1665 2976 molimen
1710 2913 1743 2972 in
1781 2915 1946 2996 Danubio,

384 3027 450 3078 tam
475 3028 644 3097 praestare
668 3017 830 3098 possimne
848 3029 904 3081 aut
922 3020 1061 3098 Erizzo,
1084 3034 1140 3084 ant
1198 3027 1333 3099 quantus
1346 3013 1379 3074 ln
1390 3017 1514 3094 Moesia
1528 3013 1741 3100 lluit„mujus
1757 3031 1826 3094 est,
1849 3041 1945 3103 quam

383 3115 535 3194 Oiselio,
567 3131 626 3180 aut
651 3119 876 3184 Mediobarho.
922 3122 1011 3184 istud
1042 3122 1140 3188 adlir·
1196 3132 1233 3183 ut
1246 3118 1399 3200 sulficere
1416 3119 1456 3180 ad
1479 3119 1578 3182 lidetn
1596 3121 1854 3205 extorquendam
1870 3145 1948 3207 poa·

386 3241 477 3283 mare
505 3239 655 3304 possum,
685 3244 819 3286 numum
841 3245 883 3286 ex
911 3225 962 3288 his
987 3227 1141 3302 alterum,
1197 3223 1239 3286 sit
1262 3220 1448 3287 Chronicon
1474 3235 1522 3285 tot
1548 3223 1654 3306 nugis,
1675 3225 1866 3308 naeniisque
1893 3246 1950 3288 re·

385 3341 484 3404 quem
507 3341 549 3384 ex
575 3342 688 3384 museo
713 3325 875 3390 Caesareo
899 3327 1060 3403 iudicari,
1091 3327 1140 3391 ol·
1195 3326 1329 3389 fertum.
1372 3322 1415 3384 Et
1430 3343 1510 3390 vero
1528 3326 1556 3388 si
1573 3327 1604 3393 is.
1616 3313 1718 3409 opere
1730 3328 1954 3393 caementicio

385 3421 480 3486 ferre
511 3424 630 3498 multa,
663 3445 746 3509 quae
778 3443 963 3510 suspectum
986 3429 1139 3507 reddunt,
1196 3431 1277 3507 fuit,
1299 3441 1545 3504 uecesseesset,
1568 3427 1638 3512 ejus
1656 3428 1820 3516 hodieque
1836 3431 1947 3514 aliqua

374 3539 440 3588 aut
461 3526 569 3608 potius
589 3526 687 3608 plane
708 3508 944 3607 condemnant,
975 3533 1036 3595 etsi
1053 3553 1140 3597 mor·
1198 3545 1328 3596 exstare
1346 3529 1501 3612 vestigia,
1531 3541 1568 3594 ut
1586 3545 1713 3596 exstant
1732 3535 1842 3619 pontis
1865 3537 1948 3598 Tra-

384 3647 457 3690 cem
478 3647 519 3690 ex
539 3629 688 3691 Romano
712 3630 998 3696 carthusianorum
1023 3625 1152 3698 museo
1196 3635 1262 3717 jani
1290 3632 1418 3696 duobus
1456 3632 1530 3696 fere
1568 3635 1708 3700 sacculis
1746 3637 1948 3716 vetustioris,

385 3731 555 3792 advectam
580 3731 793 3815 probaverint
821 3735 894 3796 ltali
927 3735 997 3818 ejus
1023 3737 1138 3800 aetatis
1196 3759 1278 3823 quau
1304 3749 1412 3799 tamen
1437 3735 1543 3799 adhuc
1565 3759 1785 3822 peromnem
1805 3739 1875 3823 ejus
1901 3739 1956 3804 al-

382 3833 580 3918 intiquarii,
612 3847 646 3896 et
666 3829 783 3910 video,
812 3835 1036 3902 Froelichium
1057 3858 1136 3923 quo·
1194 3861 1293 3904 veum
1319 3853 1487 3924 comperta
1509 3861 1575 3904 non
1605 3855 1690 3909 sunt.
1745 3841 1831 3907 Novi
1855 3843 1956 3928 eqni-

220 3919 231 3939 ⁰
310 3973 314 3982 ·
352 4025 355 4032 Ι
387 3957 452 4022 que
477 3938 511 3999 in
533 3935 812 4021 eoadprobando
846 3936 948 4002 luisse
975 3939 1139 4004 difficilio-
1197 3942 1289 4019 dem,
1324 3943 1578 4031 *Constantinum
1622 3943 1657 4004 in
1697 3945 1815 4009 Rheno
1859 3945 1954 4030 apudj
2050 3985 2063 4006 .

385 4061 457 4104 rem
484 4040 526 4122 ο).
568 4041 685 4124 Neque
709 4035 872 4103 mitiorem
895 4057 1042 4105 meretur
1063 4041 1140 4106 cen·
1168 4097 1170 4114 .
1195 4046 1411 4132 Agrippinam
1443 4059 1578 4128 pontem
1609 4046 1774 4131 lapideum
1798 4070 1884 4112 anno
1905 4051 1954 4112 P.

385 4143 544 4218 suramis,
569 4139 1003 4226 quemexPelleriniostiti.
1025 4145 1138 4208 Enim·
1194 4151 1235 4213 X.
1254 4152 1316 4216 3ιο
1341 4133 1510 4223 molitum,
1546 4147 1588 4210 de
1612 4148 1703 4232 cujus
1729 4153 1866 4215 veritate
1888 4152 1950 4216 du-

383 4264 467 4310 vero
488 4245 658 4308 literarum
688 4245 722 4308 in
737 4263 794 4307 .eo
818 4245 943 4327 scruta,
983 4249 1011 4311 si
1037 4250 1137 4314 modu
1193 4252 1292 4316 bituri
1310 4253 1439 4336 nequit,
1465 4273 1539 4315 cum
1560 4249 1649 4314 istud
1671 4253 1803 4318 adseret
1824 4255 1956 4318 Eume-

387 4347 517 4436 pictura
552 4347 732 4431 archetypo
757 4351 961 4431 respondet,
994 4353 1137 4434 Neronis
1194 4357 1267 4419 nius
1302 4357 1335 4418 iu
1374 4355 1593 4442 panegyrico,
1640 4377 1738 4442 quem
1778 4357 1949 4442 praesenti

387 4463 443 4514 aut
472 4450 548 4513 huic
585 4450 729 4514 ricinum
757 4471 873 4517 aevum
905 4456 1004 4548 sapit,
1044 4468 1137 4520 certe
1195 4457 1407 4524 Constantino
1433 4459 1621 4546 rixante).
1662 4461 1705 4524 tr
1729 4482 1800 4546 quo
1819 4477 1951 4546 tempo-

381 4596 808 4621 ...,....,..,....,,,,
827 4605 878 4620 ,,,,
1204 4593 1208 4604 .
1235 4604 1240 4612 .

422 4683 452 4738 al
473 4659 613 4734 Discursu
633 4695 722 4756 sopra
741 4676 769 4736 le
784 4678 861 4738 med.
880 4701 909 4757 p.
922 4683 992 4748 567.
1067 4683 1109 4762 b),
1121 4685 1196 4746 rab.
1215 4697 1259 4751 rt.
1334 4693 1364 4767 c)
1381 4689 1484 4753 Cimcl.
1504 4689 1638 4756 vindob.
1652 4694 1738 4754 Parte
1752 4695 1788 4754 ll.
1803 4715 1835 4772 p.
1848 4693 1952 4757 XXV.

389 4763 474 4844 d)l·n
495 4764 754 4845 chronographis.
830 4772 1021 4855 e),l²auegyr.
1042 4775 1108 4840 Vll.
1129 4797 1194 4856 cap.
1214 4789 1257 4844 13.
