4226 5500
592 545 669 617 sn
702 529 989 622 'vocvutvttv
1024 545 1325 646 stnrvat.

8 687 23 697 ⁸
58 705 76 716 “
190 708 274 771 tufus
298 725 318 792 9
339 709 471 774 circiter
495 689 645 776 milliaria
666 713 707 778 ab
727 713 866 800 Algerio
888 714 936 780 di·
992 738 1068 782 eum
1084 717 1200 803 ipsum,
1217 717 1271 802 qui
1290 731 1404 801 postea
1420 737 1559 806 regnum
1575 723 1660 808 apud
1675 725 1731 808 85·

190 821 278 873 statua
300 823 434 896 reperta
461 825 511 874 est
532 814 667 910 insignis
690 819 795 882 series
822 839 936 882 numo·
990 841 1165 884 reeusanos
1187 819 1335 885 obtinuit.
1365 821 1502 886 Factum
1528 824 1633 901 istud,
1667 848 1731 912 quo

187 931 263 976 rum
284 926 516 998 argenteorum
538 915 633 998 hujus
650 917 851 996 Ptolemaei,
878 921 935 1003 qui
988 937 1139 1008 tempere
1155 921 1341 985 Mamertini
1362 945 1380 986 s
1398 923 1519 988 Poenis
1539 927 1646 1009 pressi
1666 929 1733 992 Ro·

188 1013 302 1078 omnes
322 1014 356 1076 iu
374 1035 521 1080 museum
541 1016 588 1083 ill.
600 1019 739 1082 Baronis
758 1019 800 1083 de
818 1021 935 1085 Schel-
989 1018 1158 1088 manorum
1198 1023 1397 1106 praesidium
1434 1047 1613 1112 recepere,
1649 1049 1731 1114 qnae

187 1115 347 1180 lersbeim
368 1120 536 1184 Musarum
558 1133 743 1185 nostrarum
766 1143 935 1206 persuasu·
989 1126 1051 1188 fuit
1072 1125 1154 1188 belli
1171 1125 1286 1189 Punici
1304 1129 1328 1190 I.
1348 1147 1453 1191 eausa.
1478 1129 1560 1192 Cum
1578 1131 1657 1194 urbs
1673 1131 1732 1195 bu·

187 1219 229 1282 tis
269 1220 536 1304 eommIgrarunt.
582 1223 670 1285 Anni
702 1223 753 1288 his
787 1224 935 1309 inscripti
989 1229 1040 1310 jus
1065 1227 1205 1290 nominIs
1233 1227 1408 1308 anemine¹
1429 1243 1579 1294 veterum
1603 1233 1732 1318 prodita

188 1334 279 1383 snut:
311 1322 353 1386 R.
378 1323 420 1390 A.
442 1324 483 1389 V.
506 1323 562 1390 Vl.
584 1325 657 1392 VII.
685 1327 771 1415 VIII.
796 1327 835 1388 X.
860 1329 930 1393 XII.
963 1329 1184 1412 reperiatur,
1200 1329 1394 1394 existimavit
1407 1331 1613 1395 casaubonus
1627 1333 1660 1394 iu
1676 1355 1733 1398 sua

185 1421 273 1488 XIII.
290 1423 379 1488 XIV.
393 1423 467 1492 XV.
484 1425 571 1494 XVI.
589 1426 695 1496 XVII.
707 1428 841 1496 XVIIII.
864 1431 932 1494 Eos
989 1429 1030 1494 ad
1047 1431 1132 1494 hune
1148 1433 1258 1494 Iocum
1277 1444 1371 1509 nota,
1391 1451 1453 1515 pro
1470 1433 1638 1514 Mergane
1655 1435 1734 1500 sori·

186 1543 301 1587 omnes
320 1525 528 1610 conseripsit,
553 1539 589 1590 et
608 1528 677 1592 aeri
698 1529 819 1606 incisos
841 1531 933 1594 dedit
988 1529 1133 1596 bendum
1148 1535 1359 1617 Murgantia.
1387 1531 1454 1596 Sed
1472 1533 1643 1602 Cluverius
1660 1538 1734 1600 Me·

185 1626 229 1691 cl.
245 1625 343 1694 abbas
361 1627 518 1692 Sentinas.
541 1630 693 1711 (Lettere
708 1633 747 1698 T.
757 1633 797 1700 V.
814 1655 847 1718 p.
859 1635 933 1716 IX.)
985 1656 1074 1718 gnra
1097 1635 1219 1699 maluit.
1246 1633 1407 1698 Cellarius
1436 1634 1507 1716 ejus
1533 1637 1734 1702 mentionem

185 1728 271 1812 Typi
297 1729 380 1791 nihil
408 1743 462 1793 aut
492 1730 648 1794 haetenus
674 1733 840 1816 ignotum,
878 1749 933 1800 aut
987 1758 1054 1798 non
1072 1737 1168 1813 feeit,
1198 1735 1416 1811 hauddubIe,
1438 1734 1511 1819 quia
1529 1736 1579 1799 illi
1601 1759 1731 1824 quoque

184 1829 290 1908 aliud,
311 1831 389 1918 quid
428 1831 582 1896 eximium
618 1831 780 1913 offerunt,
823 1857 932 1922 neque
988 1838 1069 1901 baec
1093 1837 1194 1900 lectio
1213 1849 1363 1920 suspects
1386 1836 1580 1904 visaiuerit.
1611 1839 1731 1903 Melius

183 1934 283 1997 etiam
311 1933 451 1999 varietas
481 1956 656 2015 annorum,
692 1957 766 1999 cum
788 1939 859 2022 ejus
880 1960 933 2002 re·
988 1938 1301 2022 Schweighauserus
1333 1939 1367 2000 iit
1398 1938 1573 2002 novissima
1603 1964 1659 2004 sua
1691 1963 1729 2006 ac

183 2056 285 2121 gnum
305 2035 339 2097 in
361 2055 479 2098 anuum
495 2037 583 2102 XXI.
603 2037 779 2104 duraverit.
807 2043 932 2104 'I'amen
986 2042 1154 2125 praeclara
1170 2062 1245 2104 sane
1255 2039 1633 2123 Polybiiedtsionenihil
1647 2043 1680 2104 in
1691 2063 1733 2106 eo

181 2149 292 2200 tantus
314 2135 408 2198 unius
434 2135 524 2220 regis
553 2159 727 2202 numerum
756 2143 929 2219 austerus,
986 2142 1147 2208 vocabulo
1164 2143 1351 2206 mutandum
1367 2144 1512 2222 censuit,
1533 2145 1733 2227 quianullus

183 2238 239 2324 qui
259 2237 439 2321 generatim
456 2240 584 2322 perrari
602 2255 694 2320 sunt,
719 2242 816 2306 etiam
834 2243 929 2326 regio
986 2245 1019 2305 in
1037 2265 1077 2307 eo
1096 2259 1229 2328 apparet
1250 2245 1399 2309 codicum
1418 2244 1599 2323 dissensus,
1621 2266 1731 2330 neque

182 2339 323 2424 cuipiam
353 2359 470 2404 museo
498 2341 626 2408 illustre
653 2357 768 2430 posset
795 2343 928 2409 adferre
986 2347 1083 2410 etiam
1100 2345 1187 2427 ejus,
1205 2347 1260 2430 qui
1275 2361 1326 2410 est
1344 2347 1377 2407 in
1396 2345 1595 2410 bibliotheca
1614 2348 1730 2410 Caese-

182 2455 407 2507 oruameutum
429 2444 469 2526 ¹).
983 2469 1059 2527 rea,
1091 2467 1187 2531 quem
1212 2447 1371 2512 consului.
1401 2445 1492 2507 Nihil
1514 2447 1616 2531 igitur
1641 2446 1732 2510 dubii
1810 2435 1814 2442 ’

985 2562 1152 2632 superest,
1182 2549 1259 2633 quin
1285 2549 1490 2634 praeclarum
1520 2548 1606 2610 istud
1633 2571 1734 2631 κειμη-

358 2631 395 2694 Ρ·
410 2627 482 2694 ¹⁶3·
498 2629 561 2698 001·
577 2647 608 2695 ²·
625 2631 686 2696 ²51²·
702 2650 751 2717 ¹9·
982 2655 1065 2727 aaa»,
1088 2664 1122 2714 et
1140 2663 1277 2734 propter
1296 2671 1410 2712 omncs
1429 2663 1584 2738 remotae&
1595 2651 1733 2736 antiqui·

243 2749 460 2833 Posteaquam
480 2749 563 2813 baec
581 2745 665 2834 typis
686 2749 833 2816 mandata
856 2749 929 2812 fue·
983 2753 1057 2815 tatis
1073 2765 1164 2813 notas
1181 2753 1277 2834 plane
1293 2751 1489 2832 spectabile,
1506 2751 1659 2834 quodque
1674 2773 1732 2834 pe·

179 2871 235 2929 re,
257 2853 376 2916 Iactum
394 2850 524 2914 favente
540 2851 689 2930 fortuna,
715 2853 927 2930 otiolooum
983 2853 1116 2916 ritiores
1134 2873 1248 2914 ornnes
1265 2851 1371 2934 primo
1392 2849 1547 2933 adspectu
1567 2873 1640 2916 esse
1659 2875 1732 2936 par·
1797 2839 1801 2848 ⁹

181 2951 311 3036 Polybii
327 2952 517 3032 inciderem,
534 2954 590 3038 qui
604 2953 694 3016 numi
707 2953 801 3038 hujus
816 2955 928 3020 locum
983 2969 1052 3017 tum
1080 2954 1227 3017 Siculum
1252 2953 1497 3035 conjectavere,
1526 2973 1593 3015 nen
1616 2953 1732 3030 modo,

181 3058 322 3119 natalem
340 3055 432 3117 nullo
450 3057 597 3140 amplius,
615 3069 650 3116 ut
667 3077 776 3138 spero,
793 3055 928 3118 residuo
985 3056 1073 3141 qnod
1090 3069 1257 3138 repertum
1273 3055 1336 3117 suit
1352 3056 1384 3116 iu
1404 3053 1531 3132 sicilia,
1555 3053 1614 3118 sed
1632 3056 1729 3120 etiam

184 3157 284 3222 (lisbio
303 3157 434 3221 stabilit.
455 3159 573 3220 Narrat
589 3157 616 3220 is
633 3159 739 3242 (nist.
749 3159 788 3222 L.
799 3159 822 3218 1.
841 3179 869 3222 c.
879 3157 926 3240 8.)
986 3156 1074 3242 quod
1091 3172 1242 3221 monetae
1256 3157 1384 3220 Siculae
1404 3155 1645 3240 antiquissimae
1664 3179 1732 3222 mo·

181 3260 293 3342 copias
324 3260 599 3342 Syracusanorum
631 3259 806 3335 militares,
844 3279 927 3342 quae
986 3257 1046 3322 dos
1064 3280 1176 3322 omnes
1195 3258 1310 3337 oilort,
1334 3257 1625 3340 Polybianaehuie
1644 3263 1732 3324 Mer·

183 3361 269 3444 apud
282 3363 468 3444 Merganen,
483 3365 562 3441 (περι
579 3357 832 3446 τηνΜερὙιιν-ην)
852 3360 928 3423 hao-
985 3381 1086 3448 gance
1110 3362 1280 3444 proprium
1305 3375 1490 3425 statuamus.
1519 3363 1624 3444 Hujus
1648 3381 1730 3445 ergo

179 3463 316 3542 rebant,
339 3462 468 3527 collisas
486 3483 560 3526 cum
577 3461 634 3538 iis,
656 3483 738 3546 quae
759 3463 927 3546 Syracusis
982 3465 1074 3526 numi
1109 3464 1271 3528 beneflcio
1305 3477 1339 3526 et
1369 3485 1441 3528 rem
1474 3462 1730 3526 numismatiesm

180 3581 320 3643 stetere,
338 3565 484 3628 delectos
500 3585 519 3628 e
536 3585 595 3628 suo
609 3585 746 3628 nurnero
762 3565 928 3654 magistra·
982 3586 1068 3628 nova
1088 3565 1169 3628 urbe
1195 3565 1361 3642 suximus,
1389 3580 1423 3628 et
1441 3565 1619 3630 lectionem
1635 3568 1731 3650 Βοὴ·-

179 3683 233 3734 tus
246 3668 409 3735 creavisse
422 3667 667 3731 Artemidorum
685 3681 720 3731 et
733 3669 925 3748 Hieronem,
983 3667 1110 3731 bisnsm
1128 3667 1390 3734 confirmavimus
1404 3665 1450 3752 b).

216 3897 248 3968 a)
267 3893 306 3952 Hi
320 3893 402 3952 numi
417 3901 536 3969 praesto
551 3905 620 3950 sunt
635 3893 665 3950 in
680 3895 782 3952 lluseo
800 3895 885 3952 Caes.
898 3895 971 3969 Reg.
982 3891 1191 3952 Vindobonae.

212 3983 249 4058 b)
269 3985 303 4042 In
319 3983 625 4060 uotismanuscriptis
642 3985 775 4042 defuncti
787 3985 913 4044 Abbatis
932 3983 1087 4040 Neumanu
1101 3983 1139 4039 de
1154 3981 1212 4039 hae
1226 3999 1258 4037 rc
1274 3981 1428 4058 accusantia
1442 3981 1596 4058 leguntur:

248 4079 411 4152 Mergonas
429 4069 610 4132 Memorat'ur
622 4073 832 4154 Polybmm.
849 4095 874 4133 e.
889 4074 968 4132 v111.
986 4084 1015 4129 et
1031 4070 1413 4154 eonsulelcommentatores
1429 4091 1511 4128 meac
1528 4070 1649 4146 quidem
1666 4070 1729 4148 edi·

176 4167 264 4222 tionis
283 4165 492 4234 casaubonum
509 4165 541 4223 P.
550 4165 600 4223 III.
618 4187 648 4242 p.
661 4179 722 4227 127.
741 4177 770 4221 ct
784 4163 962 4221 Palmarium
980 4162 999 4218 l.
1017 4184 1043 4222 c.
1059 4183 1088 4240 p.
1100 4172 1161 4226 584.
1189 4162 1267 4218 Vide
1292 4159 1380 4217 etiarn
1402 4160 1587 4238 Stephanum
1606 4161 1675 4236 Byz.
1700 4159 1731 4216 iu

176 4247 349 4334 Μορψυνα,
367 4268 395 4312 et
411 4255 556 4312 Holstenii
571 4269 657 4312 notas
674 4255 714 4312 ad
730 4255 808 4313 hane
824 4255 973 4314 urbem‘ct
992 4251 1031 4309 ad
1045 4245 1256 4334 Moespsmsn
1275 4249 1345 4308 item
1362 4249 1523 4322 cellarium
1539 4259 1640 4326 pdtt.

249 4345 326 4403 lluic
341 4345 418 4414 urbI,
434 4345 495 4426 sive
514 4343 569 4401 alia
584 4345 637 4414 sit,
654 4345 717 4402 sive
733 4345 837 4402 eudem
853 4363 928 4422 quae
946 4341 1128 4418 Morgentia,
1143 4339 1318 4399 tribuendus
1334 4340 1453 4399 videtur
1466 4338 1593 4397 celebris
1604 4337 1654 4398 ille
1670 4359 1729 4396 ma·

174 4423 269 4493 atiniae
283 4435 438 4494 vetustatis
453 4448 611 4511 argenteus
627 4455 693 4494 cum
711 4456 758 4512 ep.
774 4435 862 4497 MEP.
883 4433 990 4494 Omnia
1005 4431 1166 4489 bellissime
1179 4433 1369 4508 conspirant,
1387 4431 1411 4486 si
1429 4429 1520 4487 modo
1535 4431 1616 4488 numi
1631 4433 1729 4490 cumis

175 4537 394 4602 comparentur.
421 4525 532 4582 Confer
547 4527 646 4602 itaquo
664 4525 777 4583 Nurum
798 4525 921 4583 Huntcri
938 4526 974 4581 T.
988 4535 1032 4596 59.
1051 4541 1082 4579 n.
1092 4521 1176 4590 XV„
1197 4527 1281 4596 cujus
1308 4521 1435 4598 quidem
1447 4519 1511 4596 typi
1527 4521 1650 4592 dimmi,
1675 4525 1730 4580 sed

135 4601 140 4610 ’
175 4615 299 4674 caedem
314 4615 490 4692 peristereos,
517 4635 593 4693 quse
611 4615 735 4673 alterurn
753 4617 829 4672 MEP
848 4615 980 4690 ejusdem
998 4613 1128 4690 patriae,
1146 4611 1206 4668 imo
1222 4613 1337 4670 vicinae
1355 4609 1597 4670 urbisdndieant.
1617 4611 1653 4670 Id
1665 4632 1727 4669 ma·

176 4705 219 4780 gis
235 4707 321 4762 etiam
335 4705 446 4764 indicat
459 4705 613 4762 alterNaxi
629 4725 733 4763 numus
747 4726 763 4762 c
777 4707 943 4763 Burmanno
957 4703 1066 4780 petitus
1081 4721 1097 4758 a
1111 4703 1306 4760 Torremuzza
1321 4703 1355 4760 T.
1364 4701 1439 4760 LIII.
1449 4721 1478 4759 n.
1487 4711 1532 4769 5.,
1547 4691 1629 4776 cujus
1642 4722 1723 4760 uver-

175 4811 225 4851 sse
240 4805 330 4873 typus
346 4796 462 4872 egregie
477 4797 569 4871 iuvat.
602 4795 679 4853 Ilinc
696 4815 768 4874 ergo
784 4809 867 4874 putet
887 4813 1009 4852 numum
1029 4791 1176 4868 signatum
1196 4793 1226 4850 in
1245 4793 1373 4871 quadam
1395 4789 1470 4851 urbe
1491 4791 1547 4850 sita
1568 4793 1599 4850 in
1621 4791 1739 4850 eadem·

1445 4883 1475 4944 G
