4226 5500
551 629 628 704 AD
662 625 951 705 VOLVMEN
984 623 1225 702 PRIMVM.
1628 644 1673 709 ῃ

316 802 350 865 P.
364 801 434 882 ¹7⁵·
452 799 516 866 eol.
532 821 558 866 ι.
575 801 640 864 lin.
653 801 684 866 3.
903 751 908 770 Ι
926 809 994 860 tem
1011 794 1118 880 aliqua
1137 792 1232 858 nobis
1252 791 1294 857 de
1311 811 1379 858 ooo·
1396 789 1567 861 observata
1585 795 1674 864 oddi-

186 897 261 969 8Λ.
287 903 394 986 Caput
411 906 545 982 aquilae
561 915 742 986 serpentem
758 913 869 965 rostro
927 895 1046 974 diceet,
1069 916 1151 981 quae
1168 893 1302 959 dubium
1330 914 1427 960 omne
1446 895 1670 980 dispellerent.

120 1010 302 1087 stringens.
325 1001 515 1070 Holmon.
534 1005 607 1074 AV.
625 1006 683 1073 lv.
922 1001 1044 1084 Neque
1059 998 1146 1061 euim
1167 997 1217 1060 illi
1236 997 1491 1083 antiquariorum
1509 999 1543 1062 in
1563 1001 1674 1066 simili·
1768 1019 1772 1022 ·

185 1107 354 1172 Hactenus
383 1106 569 1170 Locrorum
603 1127 720 1170 numus
751 1123 869 1168 aureua
926 1101 988 1167 buu
1006 1100 1110 1172 cauria
1128 1098 1256 1164 imtidia
1272 1098 1384 1184 ignota
1402 1121 1475 1166 eaae
1492 1114 1651 1188 poteraut.

123 1208 259 1294 dempto
283 1207 459 1272 Goltniano
482 1221 677 1292 conspectus
702 1227 768 1270 nou
796 1205 882 1290 fuit„

121 1311 366 1404 Quemcoram
389 1307 554 1388 dedimus,
579 1309 685 1374 editus
707 1307 872 1373 escarli-
1238 1321 1361 1388 lerna.
1493 1348 1496 1356 ·

120 1413 238 1478 chaele
257 1411 374 1474 Ardito
390 1410 608 1496 Neapolitano
623 1410 658 1473 iu
672 1408 872 1475 dissertatio·

121 1533 175 1592 ne,
191 1511 245 1576 cui
257 1511 383 1575 titulus:
400 1514 640 1577 Illustrezioue
652 1517 688 1577 di
701 1536 745 1575 ue
758 1513 871 1574 antico

120 1637 200 1678 ruse
217 1627 279 1679 cte.
300 1617 453 1676 Testatur
467 1627 636 1698 repertum
649 1633 756 1698 nuper
768 1613 869 1677 iuiaee

119 1717 153 1778 iu
167 1713 462 1778 ruiniaLocrorum
470 1716 593 1782 ltaliae.
609 1714 700 1808 Quae
716 1737 820 1792 causa,
831 1735 869 1780 ac

119 1831 309 1902 praeterea,
326 1817 414 1902 quod
436 1818 559 1902 aquila,
579 1831 612 1882 et
638 1817 764 1880 lulmen
780 1815 869 1881 obvii

119 1934 198 1984 aunt
213 1919 247 1992 in
260 1939 375 1983 eorum
394 1933 525 1982 moueta
538 1919 625 2002 typi,
638 1916 785 1983 dubitare
802 1939 870 1986 non

119 2023 248 2106 ainuur,
276 2021 441 2084 cimelium
465 2021 552 2084 istud
569 2022 639 2107 ejus
662 2041 735 2084 ease
755 2019 870 2104 populi

120 2143 204 2206 opus
235 2122 421 2208 putandum.
451 2126 579 2188 Tamen
605 2121 775 2206 inscriptio
802 2135 870 2184 taur

120 2239 171 2288 eat
193 2224 386 2313 singularia,
413 2239 449 2290 ut
472 2225 588 2288 dubius
610 2225 763 2287 haeream
785 2223 868 2307 ipae,

120 2329 263 2414 quidde
284 2350 323 2394 ea
345 2328 549 2392 statuendum
567 2326 761 2390 existimem.
783 2327 868 2388 Euae

119 2431 368 2516 retrogradam,
406 2429 612 2494 manifestum
648 2443 708 2493 eat.
742 2429 869 2496 Verum

120 2556 219 2618 quam
242 2533 388 2596 dabimus
411 2531 588 2617 polentiam
607 2533 772 2596 elemento
790 2531 869 2594 alte·

119 2639 149 2698 ri
169 2633 220 2701 8?
245 2635 394 2703 Vidimus
412 2637 508 2697 ottiua
532 2655 607 2718 pag.
628 2653 708 2712 aaa,
735 2632 869 2696 illudio

121 2739 287 2801 Oscorum
300 2736 474 2821 alphabeto
492 2735 704 2820 aequivalere
715 2737 797 2818 rpF
814 2736 869 2800 rel

989 1462 1084 1540 Dixi,
1102 1461 1178 1525 aatia
1192 1483 1278 1527 nunc
1293 1474 1454 1539 constare,
1469 1483 1585 1549 vagam
1600 1463 1675 1527 hac·

925 1577 1021 1630 tenua
1037 1563 1157 1628 Orram
1174 1565 1267 1628 uitam
1279 1565 1380 1628 fuisse
1401 1563 1435 1625 in
1453 1583 1534 1648 agro
1552 1567 1676 1629 Locro·

925 1689 999 1732 rum
1008 1667 1130 1745 ltaliae,
1147 1687 1188 1731 ex
1204 1685 1268 1751 quo
1281 1687 1400 1750 nempe
1414 1665 1605 1730 clllichael
1615 1668 1677 1728 Ar·

926 1769 1011 1834 ditus
1026 1791 1159 1832 numum
1175 1759 1311 1853 protulit
1328 1765 1521 1850 inscriptum
1537 1763 1675 1831 OPPA.

925 1869 1140 1936 ΛΟΚΡΩΝ.
1179 1871 1306 1938 Verum
1332 1881 1470 1934 testatur
1488 1867 1540 1932 vir
1568 1865 1677 1932 erudi·

925 1986 977 2035 tua
991 1973 1126 2036 Mathiaa
1140 1971 1298 2049 Zarillua,
1322 1971 1355 2033 iu
1374 1989 1476 2033 numo
1499 1969 1580 2049 boe,
1607 1971 1674 2055 qui,

927 2073 1006 2137 olim
1029 2073 1120 2138 ducis
1140 2073 1259 2156 Nojae,
1283 2074 1425 2137 nuncin
1448 2093 1563 2136 museo
1581 2073 1676 2155 regio

925 2174 1065 2259 Neapoli
1080 2189 1246 2252 servatur,
1264 2195 1305 2240 eo
1320 2175 1415 2254 loco,
1433 2195 1498 2261 quo
1519 2173 1675 2258 scriptum

925 2275 1048 2340 OPPA
1067 2275 1312 2362 praetenditur,
1336 2276 1449 2342 literas
1471 2291 1544 2340 erae
1567 2273 1680 2340 consu·

926 2401 988 2456 aaa,
1005 2391 1039 2442 et
1057 2378 1219 2456 evanidas,
1235 2391 1269 2442 et
1279 2371 1381 2440 ‹bra
1396 2377 1508 2464 potina
1519 2375 1676 2461 legendae

923 2479 1042 2548 rideri.
1072 2481 1180 2566 Atque
1201 2481 1267 2542 hoo
1292 2477 1335 2544 de
1359 2479 1539 2566 epigraphe
1558 2479 1677 2545 OPPA

924 2581 1059 2645 dubium
1082 2595 1172 2646 tanto
1198 2593 1338 2666 augetur
1356 2581 1475 2665 magia,
1499 2580 1587 2668 quod
1603 2602 1681 2666 qua·

923 2697 1000 2748 tuor
1017 2683 1140 2748 aimilea
1157 2687 1350 2764 alliagnano
1367 2682 1400 2744 iu
1417 2683 1544 2747 Bruttia
1557 2679 1680 2747 numis-

925 2787 1040 2849 marica
1049 2783 1146 2850 video
1157 2785 1275 2863 editos,
1292 2803 1405 2848 omnes
1418 2783 1592 2868 inauriptoa
1609 2785 1678 2870 qui·

121 2841 151 2904 V
172 2839 375 2904 consonanti.
399 2837 498 2900 Obvii
515 2829 591 2900 aunt'
609 2841 794 2902 Locrorum
812 2858 870 2898 nu·
925 2887 1001 2950 dem
1014 2881 1233 2963 ΛΟΚΡΩΝ,
1258 2886 1348 2950 nulla
1364 2899 1472 2950 tamen
1491 2912 1530 2952 w
1553 2886 1674 2948 OPPA

121 2942 165 3002 mi
183 2940 334 3024 inseripti
352 2935 431 3004 ΛΟ.
453 2939 497 3002 At
514 2953 760 3024 praeterquam,
781 2936 870 3023 quod
1018 2988 1026 3003 .
1203 2987 1223 3049 d
1406 2986 1427 3048 d
1557 2993 1561 3008 .

120 3042 302 3107 verisimile
325 3063 391 3104 nou
413 3056 480 3118 eat,
504 3043 668 3106 Oscorum
690 3041 811 3104 formas
836 3041 870 3108 in
925 3001 1104 3108 'immoni‘
1125 2990 1199 3052 Non
1224 3010 1278 3050 um
1297 3008 1378 3072 ΒΨ
1430 2987 1694 3098 ΗΜΘΝ.

120 3145 298 3208 Graeciam
311 3139 386 3221 Μ..
399 3157 432 3207 et
447 3165 549 3228 uaque
558 3147 683 3208 Locroe
698 3143 871 3228 pertinuia·
926 3105 992 3156 mu
1006 3103 1090 3154 cem
1104 3111 1224 3155 sumu&

122 3267 182 3322 se,
205 3267 271 3330 quo
292 3261 387 3330 pacto
402 3267 463 3330 pro
481 3247 512 3310 0
537 3247 637 3310 aeribi
659 3257 789 3330 poterat
804 3246 872 3308 ele·
1260 3312 1266 3326 ‚

121 3363 287 3425 mentum,
311 3349 399 3433 quod
420 3369 494 3412 cum
515 3348 545 3412 Ο
570 3349 652 3410 nibil
678 3347 776 3410 habet
797 3344 875 3410 adli·
924 3369 927 3376 ’
974 3309 1632 3394 mall·⁶⁰l'3‘lm‘¹¹p⁰⁸t⁶d⁰⁶⁶ri’

124 3455 191 3515 rie?
213 3484 258 3500 -
277 3451 351 3512 Non
369 3453 506 3513 multum
528 3451 710 3514 absimilem
735 3449 874 3512 formam
995 3455 1088 3550 Quae
1109 3468 1179 3517 tum
1198 3452 1441 3544 iwanum,
1464 3450 1554 3514 som
1574 3449 1678 3514 sonu.

122 3552 204 3616 dedi
221 3573 318 3636 aopra
340 3553 378 3612 iu
396 3552 648 3636 Prolegomeuia
670 3552 817 3637 general.
840 3573 875 3635 p.
930 3580 971 3621 na
994 3555 1082 3620 aliud
1105 3575 1205 3640 agenr
1231 3575 1324 3620 ame
1340 3555 1411 3639 ipao
1436 3575 1505 3616 aum
1531 3551 1677 3631 eductor,

121 3657 195 3734 ci,
219 3675 333 3718 verum
350 3667 597 3738 praeterquam,
621 3654 709 3740 quod
731 3655 788 3718 illa
807 3675 874 3717 neu
930 3660 1083 3722 nimirum
1096 3679 1168 3722 cum
1180 3657 1213 3719 iu
1221 3657 1383 3722 Strabone
1393 3657 1557 3742 legeremt
1572 3657 1678 3734 (lull.

123 3759 175 3832 0,
193 3758 254 3818 aod
277 3751 338 3818 01¹
361 3756 543 3840 significat,
571 3755 660 3840 quod
679 3776 753 3818 cum
773 3755 871 3820 colito
927 3783 960 3846 p.
971 3763 1110 3846 m.7a‘5.)
1120 3755 1219 3836 ποδας
1226 3782 1279 3846 μεν
1287 3781 1352 3843 «γαρ
1361 3761 1518 3847 >reprobae
1531 3783 1589 3834 τας
1598 3757 1674 3822 dne·

122 3853 336 3922 ΛΟΚΡΩΝ
368 3857 550 3920 consistere
586 3856 723 3940 nequit,
760 3877 873 3920 mono-
930 3885 1031 3942 ρειας,
1051 3875 1181 3943 reprom,-
1201 3855 1383 3942 deradere
1398 3859 1561 3943 raudera»,
1579 3865 1679 3944 pedes

124 3981 272 4045 gramma
297 3957 394 4054 istud
430 3979 512 4022 aevo
545 3971 610 4022 tam
645 3973 791 4038 remoto,
819 3960 874 4023 eui
929 3967 1017 4028 euim
1042 3977 1203 4027 vocantur
1234 3961 1368 4047 itfimue
1400 3969 1523 4026 montis
1545 3977 1677 4044 portes,

122 4081 283 4146 praeaeoa
299 4081 416 4124 numus
433 4059 591 4138 debetur,
607 4059 684 4124 'nou
708 4060 873 4146 competit.
929 4071 1019 4129 sicut
1031 4069 1172 4129 vertices
1186 4087 1315 4128 summo
1326 4069 1500 4128 monrium.
1516 4065 1560 4127 Et
1568 4063 1679 4152 video,

124 4167 178 4225 Au
198 4164 232 4224 in
251 4184 351 4226 numo
371 4177 436 4226 tam
450 4163 567 4252 exigui
583 4163 774 4241 uoluminis,
797 4183 875 4248 ope·
931 4167 1049 4230 montis
1079 4165 1224 4230 radicem
1253 4165 1333 4232 viria
1360 4165 1518 4230 Graeciae
1544 4165 1678 4230 summio

124 4269 240 4350 risque
271 4279 337 4328 tam
371 4264 503 4329 delicati
531 4264 617 4329 aliud
641 4265 722 4330 vidit
746 4263 792 4338 ia,
818 4264 875 4348 qui
930 4283 1027 4352 atque
1057 4268 1254 4352 pervetustia
1292 4267 1411 4332 dictam
1447 4267 1549 4332 suinae
1586 4263 1679 4331 orode.

127 4369 328 4434 delineavit?
355 4368 439 4430 llam
465 4367 560 4430 nobie
589 4381 713 4450 gratam
741 4366 876 4431 lecisset
930 4371 1110 4434 Homeruar
1133 4371 1187 4454 (ll.
1198 4371 1237 4438 B.
1254 4370 1374 4448 udat:
1393 4391 1451 4433 acu
1470 4369 1503 4432 iu
1521 4373 1677 4456 Catalogo

126 4470 277 4534 eruditur
292 4489 433 4553 praeco,
451 4470 478 4533 ai
492 4469 532 4534 ad
544 4489 616 4534 rem
634 4470 717 4534 adeo
733 4469 876 4533 insolen·
931 4495 962 4536 ν.
982 4471 1070 4554 331.)

127 4649 1667 4684 n——fi———uuu—-n——u--u--u-

130 4807 218 4868 ¹814,
240 4819 312 4874 pag.
327 4807 369 4862 15.
389 4797 457 4857 Ταῦ.
472 4801 498 4858 Ι.
514 4817 593 4857 num.
612 4796 690 4869 ab),
706 4807 734 4856 et
752 4761 822 4872 iure¹
833 4797 952 4858 ridetur
969 4795 1092 4858 attribui
1103 4797 1255 4870 Felsiuae,
1278 4791 1494 4878 quam'Pliuiua
1510 4804 1678 4884 principem

126 4887 235 4948 urbem
251 4889 385 4948 Etruriae
400 4888 541 4948 nominat.

1458 4984 1483 5046 C
